2982 4016
279 1098 340 1140 32

377 521 630 554 REG.W1L.
922 508 969 554 S.
1005 510 1399 560 TRINITATIS
1434 513 1526 560 DE
1562 515 1755 563 SOON.
2241 530 2300 571 23

377 640 436 684 de
470 637 597 685 hunf
630 665 640 674 ·
681 639 773 685 Ric
806 641 968 686 cumin
992 667 1002 676 ·
1028 640 1175 704 Hugo
1210 643 1332 689 ridel
1356 670 1364 679 ·
1390 645 1581 692 Robbto
1606 648 1665 693 de
1699 648 1822 708 q'nci
1850 675 1859 683 ·
1886 648 2014 695 Berfi
2048 649 2100 695 fil
2134 653 2298 699 brien·

375 727 458 791 Asi
481 719 789 777 dunfomelin
814 757 824 766 ·

375 911 521 958 Carta
545 911 784 959 Willelmi
810 912 956 974 Regis
982 913 1041 959 de
1066 911 1278 960 Ecclefia
1302 916 1360 961 de
1386 915 1680 979 Inuergorin.

375 1076 674 1142 Willelmus
698 1095 807 1142 Rex
842 1093 1134 1160 Scottorum,
1172 1094 1416 1156 Episcopis
1451 1095 1724 1145 Abbatibus
1759 1103 2013 1149 comitibus
2048 1105 2300 1152 baronibus

372 1185 404 1231 J
407 1184 654 1232 usticiariis
678 1187 1040 1233 vicecomitibus
1063 1192 1115 1232 et
1138 1186 1359 1233 omnibus
1381 1188 1539 1248 probis
1562 1189 1832 1238 hominibus
1860 1195 2007 1240 totius
2032 1201 2158 1242 terre
2181 1196 2301 1243 salu-

372 1282 473 1322 tem
543 1276 716 1324 Sciat-is
735 1293 813 1324 me
831 1274 1099 1324 conceffiss'e
1122 1283 1173 1324 et
1195 1278 1285 1324 hac
1308 1293 1417 1325 mea
1439 1287 1571 1326 carta
1594 1281 1883 1329 confirmaffe
1907 1283 2012 1330 Deo
2032 1293 2081 1331 et
2106 1286 2300 1334 ecclesie

371 1367 529 1415 sanae
546 1368 794 1416 Trinitatis
818 1370 877 1415 de
896 1368 1024 1416 Scon
1048 1375 1099 1415 et
1119 1368 1304 1415 Abbati
1324 1374 1374 1415 et
1393 1371 1632 1417 canonicis
1655 1373 1834 1419 ibidem
1857 1373 1961 1420 Deo
1983 1374 2298 1424 seruientibus

371 1455 635 1505 Ecclefiam
659 1459 719 1505 de
743 1459 1026 1522 Invergorin
1050 1475 1160 1506 cum
1179 1465 1308 1506 terra
1325 1475 1418 1520 que
1433 1460 1566 1521 jacet
1584 1463 1633 1507 in
1653 1464 1935 1510 occidentali
1953 1472 2088 1526 parte
2107 1467 2300 1514 ecclesie

369 1551 701 1609 prenominate
735 1551 930 1596 nomine
954 1548 1177 1613 Dargoch
1211 1557 1262 1597 et
1296 1566 1407 1597 cum
1431 1552 1652 1599 omnibus
1674 1555 1974 1614 pertinentiis
2009 1557 2068 1602 ad
2102 1559 2301 1604 eandem

369 1638 616 1687 ecclefiam
640 1641 718 1688 vel
741 1648 918 1689 terram
942 1642 1296 1704 pertinentibus
1319 1643 1371 1688 in
1394 1642 1593 1690 liberam
1625 1650 1674 1690 et
1703 1652 1984 1706 perpetuam
2009 1646 2300 1695 elimofinam

369 1731 530 1787 Quare
552 1732 752 1779 firmiter
774 1734 1002 1794 prohibeo
1026 1749 1088 1780 ne
1112 1735 1216 1794 quis
1239 1733 1352 1780 inde
1376 1734 1628 1794 quicquam
1654 1735 1826 1796 injuste
1849 1738 2033 1784 auferre
2061 1739 2140 1785 uel
2165 1740 2299 1785 dimi-

368 1838 516 1869 nuere
547 1823 788 1885 presumat
854 1823 1075 1872 Testibus
1104 1825 1309 1872 Matheo
1344 1823 1563 1886 episcopo
1600 1827 1659 1872 de
1693 1827 1923 1874 Aberdon
1952 1828 2152 1876 Andrea
2181 1831 2298 1891 epis-

367 1930 485 1975 copo
510 1915 569 1961 de
593 1914 749 1962 Cateii
774 1915 971 1963 Comite.
990 1916 1259 1964 Gilleberto
1284 1916 1490 1963 Ricardo
1513 1918 1702 1980 Cumyn
1770 1919 1916 1980 Apud
1943 1920 2070 1966 Pert.

367 2096 512 2144 Carta
536 2096 778 2145 Willelmi
803 2098 951 2161 Regis
976 2100 1035 2146 de
1058 2100 1424 2146 rectitudinibus
1448 2102 1497 2146 in
1523 2102 1663 2146 domo
1689 2101 1886 2163 Regino.

367 2264 666 2326 Willelmus
690 2280 768 2326 dei
796 2282 951 2342 gratia
974 2280 1083 2327 Rex
1107 2280 1363 2337 Scotorum
1398 2283 1620 2329 omnibus
1654 2283 1812 2344 probis
1847 2284 2118 2330 hominibus
2146 2287 2293 2331 totius

366 2378 493 2417 terre
522 2370 604 2417 sue
640 2369 845 2418 salutem
913 2370 1087 2418 Sciatis
1122 2387 1201 2419 me
1236 2370 1504 2419 concefflffe
1529 2373 1636 2420 Deo
1672 2381 1722 2420 et
1758 2373 1953 2422 ecclefie
1990 2377 2049 2421 de
2084 2376 2210 2422 Scon
2245 2384 2293 2423 et

366 2463 529 2508 abbati
553 2467 603 2508 et
626 2462 867 2508 canonicis
901 2463 1080 2509 ibidem
1105 2462 1212 2509 Deo
1234 2462 1550 2510 servientibus
1574 2470 1630 2511 ut
1653 2465 1861 2512 habeant
1884 2467 1934 2512 in
1959 2467 2099 2512 domo
2131 2470 2292 2529 regine

365 2567 531 2598 omnes
569 2553 882 2599 rectitudines
916 2568 1032 2614 quas
1072 2554 1253 2600 habent
1288 2556 1338 2600 in
1374 2555 1515 2600 domo
1550 2571 1659 2602 mea
1693 2554 1871 2602 scilicet
1906 2558 1957 2602 in
2000 2557 2204 2618 expensa
2242 2565 2292 2604 et

365 2644 570 2704 coquina
607 2644 797 2704 quando
831 2641 931 2704 ipsa
976 2645 1157 2691 curiam
1201 2643 1336 2692 suam
1377 2661 1462 2706 per
1503 2643 1551 2692 se
1592 2648 1804 2692 tenuerit
1886 2647 2044 2702 Quare
2084 2650 2290 2709 precipio

365 2733 553 2781 ballivis
582 2739 633 2780 et
661 2732 980 2781 servientibus
1012 2733 1106 2782 suis
1129 2741 1185 2781 ut
1219 2737 1286 2782 eis
1317 2734 1493 2796 absque
1529 2733 1872 2783 disturbatione
1906 2738 2080 2784 habere
2114 2739 2289 2785 faciant

364 2823 583 2870 Testibus
599 2823 804 2871 Ricardo
823 2824 975 2871 electo
994 2823 1311 2873 Morauienfis
1330 2826 1544 2872 Roberto
1564 2833 1614 2873 et
1634 2826 1884 2874 Willelmo
1899 2828 2152 2889 capellanis
2170 2831 2287 2874 meis

364 2916 557 2976 hugone
582 2915 641 2961 de
658 2911 813 2976 figillo
838 2914 1012 2962 clerico
1037 2931 1146 2962 meo
1183 2916 1398 2964 Roberto
1431 2918 1490 2964 de
1516 2918 1675 2978 quinci
1711 2917 1961 2963 Willelmo
1985 2919 2043 2963 de
2067 2917 2286 2964 moreuifl

368 3004 618 3051 Willelmo
644 3006 703 3051 de
725 3005 833 3052 haia
857 3005 1069 3068 Hugone
1094 3006 1307 3054 Giffarde
1376 3006 1523 3068 Apud
1548 3007 1726 3054 Carale.
