2982 4016
418 542 534 577 REG.
560 543 673 576 WIL.
960 532 1009 580 S.
1044 533 1439 582 TRINITATIS
1474 535 1566 584 DE
1603 537 1796 586 SCON.
2290 553 2348 595 25

414 661 516 708 eius
539 660 758 709 seruiens
781 663 999 712 inuenire
1022 646 1155 727 poPit
1188 670 1249 713 61“1
1272 666 1416 715 lawes
1437 676 1471 715 ”c
1502 673 1563 716 οῦ
1585 669 1762 717 herbes
1775 671 1836 718 ad
1858 651 1967 719 Pras
1982 673 2119 720 abbie
2142 675 2202 721 de
2226 675 2350 723 8666

412 752 666 812 ptinentes
676 755 693 801 ε’
731 754 818 802 eos
842 753 962 803 iuste
986 756 1111 819 absqs
1139 757 1369 806 dilatione
1402 759 1578 807 habeat
1601 786 1611 796 ·
1638 760 1789 807 Null9
1811 762 1925 824 itaq,
1947 763 2150 825 qemqoem
2175 781 2235 812 ex
2257 766 2351 813 illis

412 844 457 890 ei
490 843 665 892 iniuste
699 846 914 894 detineat
948 846 1033 911 sup
1067 848 1206 895 firma
1239 847 1511 896 defensione*
1543 865 1652 898 mea
1684 858 1717 897 “t
1750 850 2044 901 forisfactura
2076 870 2184 902 mea
2218 882 2227 892 ·
2262 857 2348 904 Τ

412 933 554 981 Andr
588 951 712 998 epo·
737 938 796 984 de
831 937 1016 985 caten·
1053 938 1202 986 Nico}
1235 937 1453 987 canceH·
1479 922 1654 988 WalPo
1688 941 1742 988 fit
1775 942 1923 991 Alani
1958 943 2113 1008 dapo·
2149 944 2349 997 matheo

413 1024 706 1074 Α16111ᾶ16ὄ·
730 1027 849 1090 Apd
872 1028 1243 1077 Dunfermelin·

413 1205 559 1254 Carta
584 1207 824 1256 Willelmi
851 1209 998 1273 Regis
1022 1210 1083 1258 de
1107 1210 1328 1258 Ronaldo
1352 1211 1689 1269 Maemalmur‚
1715 1213 1799 1262 &c.

319 1386 381 1432 37
413 1372 714 1436 Willelmus
738 1389 833 1437 Dei
855 1392 1011 1453 gratia
1034 1390 1145 1457 Rex
1168 1390 1461 1448 Scottorum,
1486 1393 1707 1440 omnibus
1729 1393 1889 1455 probis
1906 1395 2178 1446 hominibus
2196 1403 2345 1449 totius

312 2494 372 2537 38

411 1487 538 1528 terre
560 1480 643 1528 sue
667 1480 852 1528 clericis
876 1487 927 1528 et
950 1481 1083 1529 laicis
1106 1481 1310 1530 salutem
1368 1482 1536 1530 Sciant
1551 1482 1803 1545 presentes
1822 1491 1872 1532 et
1890 1486 2040 1533 futuri
2058 1503 2137 1535 me
2158 1492 2344 1550 quietos

411 1571 629 1620 clamaffe
653 1573 713 1620 de
736 1588 815 1620 me
839 1579 890 1620 et
912 1573 1167 1621 heredibus
1190 1575 1311 1621 meis
1344 1575 1396 1620 in
1430 1580 1719 1636 perpetuum
1742 1575 1802 1624 R.
1828 1575 2011 1624 Abbati
2047 1579 2107 1626 de
2142 1579 2269 1628 Scon
2294 1589 2345 1629 61

410 1665 651 1711 canonicis
693 1662 905 1725 ejusdem
944 1664 1039 1712 loci
1076 1664 1353 1712 Ronaldum
1391 1679 1498 1712 mac
1537 1665 1743 1713 malmur
1783 1667 2009 1715 Goueran
2049 1675 2100 1717 et
2139 1672 2345 1719 malmur

407 1770 516 1803 mac
548 1756 718 1802 hercar
751 1771 870 1817 quos
904 1755 967 1802 A.
1001 1756 1147 1803 abbas
1179 1756 1238 1803 de
1263 1755 1602 1803 Dunfermelin
1635 1757 2051 1820 calumpniabatur
2084 1777 2196 1825 erga
2230 1779 2343 1810 eum

408 1847 469 1894 ad
500 1862 619 1909 opus
649 1862 814 1894 meum
881 1847 1042 1903 Quare
1065 1847 1174 1894 volo
1208 1853 1265 1895 ut
1298 1847 1534 1909 predictos
1567 1847 1785 1897 homines
1816 1851 2004 1912 quietos
2037 1853 2247 1901 habeant
2282 1856 2341 1902 de

406 1952 487 1992 me
521 1944 573 1986 et
605 1939 861 1986 heredibus
894 1939 1015 1986 meis
1048 1939 1099 1986 in
1132 1944 1420 2001 perpetuum
1443 1935 1564 1986 ficut
1597 1939 1705 1987 illos
1739 1941 1818 2001 qui
1855 1942 2112 2003 adjudicati
2146 1944 2341 1992 fuerunt

406 2011 619 2089 predicto
635 2028 798 2076 abbati
822 2030 883 2076 de
907 2028 1036 2076 Scon
1058 2029 1109 2075 111
1127 2029 1271 2091 plena
1294 2031 1425 2077 curia
1440 2045 1549 2078 mea
1593 2029 1741 2092 Apud
1755 2032 1957 2089 munros
2001 2032 2219 2082 Testibus
2234 2034 2340 2082 Hu-

405 2134 531 2182 gone
554 2119 837 2168 cancellario
860 2135 969 2167 meo
988 2118 1269 2167 Arkebaldo
1292 2121 1466 2168 abbate
1490 2122 1550 2169 de
1574 2121 1912 2170 Dunfermelin
1957 2123 2106 2186 Apud
2123 2127 2336 2180 COunros.

406 2301 552 2349 Carta
575 2302 815 2350 Willelmi
840 2302 987 2365 Regis
1011 2303 1071 2352 (16
1095 2302 1279 2350 decima
1301 2304 1436 2365 panis
1461 2303 1629 2351 domus
1653 2303 1749 2352 sue.

406 2469 705 2533 Willelmus
729 2485 838 2536 Rex
866 2483 1145 2532 Scottorum
1180 2485 1400 2532 omnibus
1433 2485 1593 2547 probis
1626 2485 1899 2534 hominibus
1934 2489 2082 2536 totius
2110 2495 2235 2537 terre
2257 2489 2336 2538 sue

403 2576 607 2625 salutem
674 2576 848 2624 Sciatis
881 2591 961 2623 me
995 2573 1262 2623 conceffiffe
1297 2581 1347 2623 et
1380 2576 1470 2623 hac
1510 2582 1642 2624 carta
1680 2593 1789 2625 mea
1823 2578 2112 2627 confirmasse
2146 2580 2252 2628 Deo
2287 2588 2336 2628 et

404 2667 602 2717 ecclefie
621 2667 796 2715 8611616
815 2667 1064 2715 Trinitatis
1085 2667 1145 2714 de
1170 2666 1298 2714 Scon
1323 2672 1373 2715 et
1395 2668 1559 2715 abbati
1583 2675 1634 2716 61
1657 2671 1897 2718 canonicis
1915 2643 2092 2718 ibidem
2116 2670 2222 2718 Deo
2243 2671 2334 2717 ser-

404 2759 645 2807 vientibus
669 2759 903 2806 decimam
927 2759 1078 2805 totius
1101 2758 1237 2820 panis
1261 2758 1429 2805 domus
1451 2774 1560 2806 mee
1583 2775 1645 2807 ex
1668 2761 1923 2822 aquilonali
1954 2767 2088 2823 parte
2111 2762 2170 2808 de
2193 2761 2333 2808 Lam-

403 2851 595 2898 bremor
617 2855 667 2897 et
690 2864 857 2896 omnes
889 2848 1042 2910 pelles
1076 2863 1307 2911 agnorum
1341 2838 1392 2896 et
1426 2850 1588 2897 ovium
1622 2851 1683 2897 ad
1716 2852 1967 2912 coquina-m
2000 2866 2157 2898 meam
2189 2854 2332 2912 perti-

403 2942 627 2990 nentium
659 2946 864 3002 excepta
897 2955 1180 3001 vnaquaque
1216 2938 1352 2987 sexta
1384 2939 1512 3002 pelle
1578 2940 1646 2987 Et
1685 2941 1934 2988 dimidium
1970 2942 2118 2987 totius
2151 2939 2247 3002 sepi
2282 2947 2330 2987 et

403 3031 662 3095 sangminis
685 3036 733 3078 61
757 3031 890 3078 unffi
919 3045 1012 3091 que
1046 3012 1122 3078 ad·
1140 3035 1328 3092 partem
1350 3045 1508 3078 meam
1532 3031 1592 3078 (16
1615 3031 1816 3092 coquina
1848 3045 1955 3078 mea
1987 3029 2198 3092 spectant
2265 3030 2330 3078 Et

406 3130 546 3172 extra
568 3120 973 3185 quadragesimam
996 3121 1127 3168 omni
1146 3121 1223 3168 die
1242 3121 1481 3169 dominica
1497 3127 1699 3183 excepta
1716 3121 1928 3182 qualibet
1945 3119 2079 3168 sexta
2095 3122 2330 3168 dominica

407 3230 559 3263 unum
593 3211 775 3262 corium
805 3228 949 3260 vacce
982 3209 1081 3259 five
1117 3212 1253 3259 bovis
1319 3211 1387 3259 Et
1426 3213 1585 3259 omnia
1619 3210 1708 3258 ista
1746 3216 1937 3259 tantum
1977 3227 2038 3258 ex
2074 3211 2329 3272 aquilonali

411 3314 550 3371 parte
581 3309 641 3355 de
676 3307 964 3354 lambremor
1031 3305 1098 3352 Et
1121 3305 1435 3353 medietatem
1457 3303 1692 3350 coriorum
1718 3301 1777 3349 de
1800 3298 2107 3349 occisionibus
2130 3302 2190 3348 ad
2213 3317 2329 3363 opus

1349 3407 1382 3440 D
