3054 4042
684 481 776 522 110
1355 470 1564 520 LIBER
1598 469 1927 518 ECCLESIE
2238 511 2241 513 .
2363 487 2464 522 sse.
2492 488 2599 522 x1v;

680 613 804 653 terre
838 605 919 653 sue
952 605 1135 653 clericis
1166 609 1217 650 et
1250 602 1383 649 laicis
1406 600 1607 648 fiilutem
1664 599 1838 647 Sciatis
1871 614 1957 648 nos
1981 615 2091 648 cum
2117 601 2337 665 diligenti
2370 605 2601 653 delibera-

679 697 811 743 tione
833 692 1079 757 inspexiss'e
1096 699 1275 740 cartam
1299 692 1478 738 domini
1496 690 1644 751 patris
1664 686 1814 736 nostri
1835 690 2008 738 faaam
2030 690 2259 754 religiosis
2281 695 2394 744 viris
2416 694 2601 743 Abbati

677 793 728 833 et
761 785 1018 833 conventui
1045 780 1315 842 monasterij
1349 782 1412 828 de
1446 780 1604 827 Scona
1636 795 1734 826 non
1767 779 1997 828 abolitam
2030 796 2129 828 non
2163 783 2477 832 caneellatam
2512 800 2600 832 nec

678 878 728 923 in
767 876 924 936 aliqua
955 873 1024 920 sui
1058 878 1193 934 parte
1233 872 1454 919 viciatam
1490 872 1541 918 iu
1578 871 1671 917 heo
1703 870 1849 918 verba
1914 869 2157 920 Robertus
2197 873 2277 921 dei
2307 874 2461 936 gratia
2494 868 2602 925 Rex

679 966 952 1014 Scottorum
967 961 1228 1025 justiciario
1247 977 1309 1009 ex
1326 967 1463 1023 parte
1485 960 1665 1008 boreali
1687 975 1810 1022 aque
1828 961 1889 1009 de
1907 959 2058 1009 Forth
2080 964 2136 1011 a'c
2159 964 2520 1013 vicecomitibus
2543 967 2604 1013 de

680 1057 827 1103 Perth
856 1061 906 1102 et
929 1055 988 1101 de
1013 1053 1178 1100 Forfar
1200 1059 1251 1100 et
1275 1067 1440 1100 eorum
1463 1051 1652 1100 ballivis
1675 1052 1756 1112 qui
1789 1060 1876 1114 pro
1898 1058 2117 1115 tempore
2139 1055 2320 1102 fuerint
2342 1071 2531 1104 necnon
2554 1063 2604 1104 et

678 1146 847 1193 ceteris
869 1145 1027 1206 probis
1049 1143 1319 1191 hominibus
1336 1143 1487 1189 totius
1503 1147 1631 1189 terre
1647 1140 1730 1189 sue
1747 1140 1951 1191 salutem
1975 1142 2150 1191 Sciatis
2171 1159 2259 1192 nos
2281 1144 2532 1208 inspexisse
2549 1163 2604 1195 ac

677 1236 908 1284 veraciter
923 1231 1209 1282 intellexisse
1227 1239 1380 1282 cartas
1398 1231 1724 1296 religiosorum
1741 1234 1951 1281 virorum
1968 1233 2178 1283 Abbatis
2195 1241 2246 1283 et
2260 1243 2527 1285 conventus
2543 1238 2603 1285 de

678 1327 836 1375 Scona
856 1325 995 1388 super
1016 1326 1236 1373 omnibus
1259 1325 1397 1371 terris
1413 1325 1708 1372 tenementis
1725 1329 1776 1372 et
1798 1322 2154 1387 pofl'eflionibus
2175 1326 2354 1375 eisdem
2375 1326 2604 1377 conceflis

677 1433 762 1479 per
783 1414 1126 1479 predeceffores
1159 1413 1341 1463 nostros
1375 1415 1534 1477 Reges
1567 1414 1715 1462 scotie
1747 1430 1834 1476 per
1866 1430 1984 1477 quas
2016 1418 2322 1480 concepimus
2355 1420 2605 1468 evidenter

676 1509 803 1570 quod
826 1507 911 1570 ipfi
946 1505 1147 1570 religiosi
1182 1522 1347 1554 omnes
1379 1513 1529 1554 terras
1562 1511 1845 1554 tenementa
1874 1512 1925 1554 et
1958 1505 2258 1569 pofl'effiones
2287 1511 2522 1572 predi&as
2545 1510 2606 1558 de

677 1601 779 1646 iure
802 1605 965 1646 tenere
988 1598 1195 1645 debeant
1216 1598 1337 1645 adeo
1361 1597 1509 1645 libere
1527 1603 1578 1644 et
1595 1598 1760 1658 quiete
1783 1597 1996 1660 plenarie
2014 1604 2066 1646 et
2082 1599 2340 1649 honorifice
2362 1602 2413 1648 in
2436 1617 2604 1664 puram

677 1690 874 1737 liberam
891 1695 942 1736 et
964 1695 1245 1750 perpetuam
1262 1685 1569 1736 elemosinam
1597 1686 1718 1735 ficut
1740 1686 1939 1737 ecelefia
1955 1689 2116 1751 aliqua
2138 1692 2273 1754 regni
2290 1690 2437 1739 nostri
2455 1699 2606 1741 terras

675 1780 779 1827 suas
797 1786 1076 1827 tenementa
1093 1785 1143 1827 et
1160 1776 1457 1841 poss'effiones
1474 1779 1671 1827 liberius
1689 1780 1902 1841 quiecius
1917 1797 1972 1829 ac
1988 1782 2384 1831 honorificencius
2406 1781 2607 1846 poffidet

677 1869 772 1919 five
794 1878 932 1919 tenet
950 1871 1056 1918 Nos
1074 1886 1186 1919 vero
1209 1872 1361 1918 difitos
1383 1869 1626 1934 religiosos
1649 1876 1701 1919 et
1724 1886 1890 1919 eorum
1913 1870 2253 1921 monasterium
2276 1875 2534 1922 defendere
2557 1883 2607 1923 et
2642 1861 2645 1865 ’

676 1964 836 2010 fovere
864 1963 1071 2010 corditer
1102 1962 1378 2010 affe&antes
1408 1978 1494 2024 pro
1527 1977 1585 2010 eo
1622 1963 1751 2023 quod
1783 1967 1920 2026 reges
1951 1962 2110 2027 Regni
2144 1965 2324 2012 ibidem
2347 1965 2606 2028 dignitates

676 2054 781 2101 suas
797 2055 1034 2116 recipiunt
1048 2060 1098 2102 et
1117 2055 1319 2101 honores
1334 2053 1654 2102 Concedimus
1669 2054 1962 2102 ratificamus
1980 2061 2032 2102 et
2048 2055 2384 2104 confirmamus
2399 2072 2487 2119 per
2501 2072 2607 2119 pre-

679 2144 836 2192 sentes
851 2145 1026 2193 eisdem
1042 2143 1269 2208 religiofis
1287 2151 1339 2193 et
1357 2160 1523 2193 eorum
1539 2142 1876 2193 successoribus
1894 2146 1944 2192 in
1962 2145 2163 2194 liberam
2184 2162 2353 2209 puram
2371 2153 2423 2195 et
2438 2163 2606 2211 perpe·

678 2243 813 2284 tuam
827 2234 1129 2284 elemosinam
1147 2252 1313 2284 omnes
1328 2243 1478 2284 terras
1492 2242 1773 2284 tenementa
1786 2242 1837 2284 et
1853 2235 2153 2299 poss'effio'nes
2165 2239 2401 2300 predi&as
2418 2256 2606 2289 necnon

680 2333 732 2373 et
765 2341 929 2374 omnes
966 2333 1115 2375 terras
1156 2334 1437 2375 tenementa
1467 2335 1519 2375 et
1552 2323 1850 2389 poss'effiones
1884 2342 2001 2389 quas
2034 2328 2216 2377 habent
2249 2345 2312 2377 ex
2348 2331 2607 2379 donatione

679 2415 836 2464 nostra
860 2418 919 2463 vin
951 2425 1236 2480 perpetuum
1305 2418 1465 2474 Quare
1499 2418 1702 2466 firmiter
1732 2419 2039 2481 prohibemus
2071 2436 2135 2468 ne
2172 2422 2278 2483 quis
2309 2422 2462 2475 ᾶίἃοε
2497 2423 2607 2471 reli-

679 2506 831 2570 giosos
869 2513 953 2555 aut
991 2509 1208 2556 homines
1247 2509 1354 2556 suos
1394 2510 1542 2557 di&as
1580 2515 1732 2557 terras
1768 2509 1851 2558 seu
1881 2516 2163 2559 tenementa
2194 2512 2519 2562 inhabitantes
2553 2516 2603 2562 in

682 2598 919 2659 aliquibus
942 2598 1078 2647 seffls
1102 2598 1235 2662 prifis
1253 2601 1552 2662 captionibus
1569 2601 1785 2663 cariagiis
1802 2599 1886 2648 seu
1903 2600 2009 2648 aliis
2025 2600 2233 2650 serviciis
2247 2602 2605 2666 quibuscunque

679 2703 765 2736 nos
801 2690 1191 2752 contingentibus
1227 2698 1393 2739 contra
1414 2692 1537 2739 hanc
1570 2688 1915 2739 concessionem
1945 2690 2153 2740 nostram
2184 2709 2358 2742 vexare
2387 2693 2470 2742 seu
2500 2711 2605 2759 grap

679 2794 789 2827 vare
810 2779 1050 2842 presumat
1116 2781 1177 2828 In
1211 2783 1345 2844 cujus
1378 2784 1447 2831 rei
1470 2781 1796 2856 testimonium
1827 2781 2127 2845 presentibus
2150 2781 2357 2848 sigillum
2390 2784 2603 2834 nostrum

679 2872 974 2932 precepimus
1000 2875 1175 2934 apponi
1256 2873 1439 2922 Datum
1467 2873 1615 2935 Apud
1647 2872 1854 2922 Soonam
1884 2874 2024 2921 xxix⁰
2050 2875 2128 2922 die
2163 2874 2444 2924 Decembris
2477 2893 2603 2926 anno

679 2963 811 3022 regni
849 2959 995 3008 nostri
1034 2961 1255 3011 vicesimo
1291 2966 1436 3012 tertio
1510 2963 1863 3025 Quamquidem
1910 2963 2103 3012 Cartam
2147 2967 2519 3016 confirmationis
2553 2971 2602 3016 in

681 3051 899 3098 omnibus
938 3054 1123 3114 punffis
1168 3055 1380 3102 articulis
1426 3054 1779 3103 conditionibus
1823 3060 1875 3102 et
1914 3054 2280 3106 circumstantiis
2318 3057 2414 3106 suis
2452 3060 2602 3108 forma

681 3141 858 3200 pariter
879 3147 928 3189 et
951 3143 1121 3191 effefiim
1145 3144 1250 3192 Nos
1274 3147 1434 3194 divine
1458 3147 1670 3194 caritatis
1699 3145 1882 3193 intuitu
1905 3152 1956 3194 et
1978 3162 2064 3208 pro
2086 3146 2240 3196 salute
2263 3150 2421 3197 anime
2442 3148 2601 3199 nostre

681 3233 731 3274 et
753 3242 837 3289 pro
859 3227 1010 3278 salute
1033 3233 1296 3281 animarum
1319 3236 1534 3282 omnium
1556 3233 1899 3285 antecessorum
1922 3243 1974 3286 et
2001 3236 2311 3288 successorum
2334 3237 2600 3289 nostrorum
