<?xml version="1.0" encoding="UTF-8"?>
<!DOCTYPE html PUBLIC "-//W3C//DTD XHTML 1.0 Transitional//EN"
    "http://www.w3.org/TR/xhtml1/DTD/xhtml1-transitional.dtd">
<html xmlns="http://www.w3.org/1999/xhtml" xml:lang="en" lang="en">
 <head>
  <title>
</title>
<meta http-equiv="Content-Type" content="text/html;charset=utf-8" />
  <meta name='ocr-system' content='tesseract 3.04.00' />
  <meta name='ocr-capabilities' content='ocr_page ocr_carea ocr_par ocr_line ocrx_word'/>
</head>
<body>
  <div class='ocr_page' id='page_1' title='image "./liberecclesiedes78sconuoft_0092.png"; bbox 0 0 2982 4016; ppageno 0'>
   <div class='ocr_carea' id='block_1_1' title="bbox 516 941 575 987">
    <p class='ocr_par' dir='ltr' id='par_1_1' title="bbox 516 941 575 987">
     <span class='ocr_line' id='line_1_1' title="bbox 516 941 575 987; baseline 0 0"><span class='ocrx_word' id='word_1_1' title='bbox 516 941 575 987; x_wconf 83' lang='lat'><strong>63</strong></span> 
     </span>
    </p>
   </div>
   <div class='ocr_carea' id='block_1_2' title="bbox 524 2865 583 2911">
    <p class='ocr_par' dir='ltr' id='par_1_2' title="bbox 524 2865 583 2911">
     <span class='ocr_line' id='line_1_2' title="bbox 524 2865 583 2911; baseline -0.034 0"><span class='ocrx_word' id='word_1_2' title='bbox 524 2865 583 2911; x_wconf 84' lang='lat'><strong>64</strong></span> 
     </span>
    </p>
   </div>
   <div class='ocr_carea' id='block_1_3' title="bbox 606 527 2539 581">
    <p class='ocr_par' dir='ltr' id='par_1_3' title="bbox 606 527 2539 581">
     <span class='ocr_line' id='line_1_3' title="bbox 606 527 2539 581; baseline -0.003 0"><span class='ocrx_word' id='word_1_3' title='bbox 606 538 666 581; x_wconf 87' lang='grc'><strong>40</strong></span> <span class='ocrx_word' id='word_1_4' title='bbox 1285 531 1492 578; x_wconf 86' lang='lat' dir='ltr'><strong>LIBER</strong></span> <span class='ocrx_word' id='word_1_5' title='bbox 1528 527 1858 577; x_wconf 88' lang='lat' dir='ltr'><strong>ECCLESIE</strong></span> <span class='ocrx_word' id='word_1_6' title='bbox 2296 543 2397 575; x_wconf 68' lang='lat' dir='ltr'><strong>sec.</strong></span> <span class='ocrx_word' id='word_1_7' title='bbox 2424 543 2539 575; x_wconf 81' lang='lat' dir='ltr'><strong>xm.</strong></span> 
     </span>
    </p>
   </div>
   <div class='ocr_carea' id='block_1_4' title="bbox 606 749 2475 816">
    <p class='ocr_par' dir='ltr' id='par_1_4' title="bbox 606 749 2475 816">
     <span class='ocr_line' id='line_1_4' title="bbox 606 749 2475 816; baseline -0.004 -12"><span class='ocrx_word' id='word_1_8' title='bbox 606 757 914 804; x_wconf 87' lang='lat' dir='ltr'><strong>Confirmatio</strong></span> <span class='ocrx_word' id='word_1_9' title='bbox 940 756 1202 803; x_wconf 82' lang='lat' dir='ltr'><strong>Alexandri</strong></span> <span class='ocrx_word' id='word_1_10' title='bbox 1230 754 1375 816; x_wconf 87' lang='lat' dir='ltr'><strong>Regis</strong></span> <span class='ocrx_word' id='word_1_11' title='bbox 1399 751 1539 814; x_wconf 90' lang='lat' dir='ltr'><strong>super</strong></span> <span class='ocrx_word' id='word_1_12' title='bbox 1563 751 1814 798; x_wconf 82' lang='lat' dir='ltr'><strong>excambio</strong></span> <span class='ocrx_word' id='word_1_13' title='bbox 1839 757 1967 797; x_wconf 89' lang='lat' dir='ltr'><strong>terre</strong></span> <span class='ocrx_word' id='word_1_14' title='bbox 1991 751 2051 797; x_wconf 92' lang='lat' dir='ltr'><strong>de</strong></span> <span class='ocrx_word' id='word_1_15' title='bbox 2076 749 2475 799; x_wconf 86' lang='lat' dir='ltr'><strong>Cambusmichel.</strong></span> 
     </span>
    </p>
   </div>
   <div class='ocr_carea' id='block_1_5' title="bbox 607 925 2606 2556">
    <p class='ocr_par' dir='ltr' id='par_1_5' title="bbox 607 925 2606 2556">
     <span class='ocr_line' id='line_1_5' title="bbox 611 925 2545 999; baseline -0.004 -11"><span class='ocrx_word' id='word_1_16' title='bbox 611 925 904 988; x_wconf 83' lang='lat' dir='ltr'><strong>Alexander</strong></span> <span class='ocrx_word' id='word_1_17' title='bbox 927 938 1017 984; x_wconf 93' lang='lat' dir='ltr'><strong>Dei</strong></span> <span class='ocrx_word' id='word_1_18' title='bbox 1045 938 1198 999; x_wconf 86' lang='lat' dir='ltr'><strong>gratia</strong></span> <span class='ocrx_word' id='word_1_19' title='bbox 1223 935 1331 982; x_wconf 84' lang='lat' dir='ltr'><strong>Rex</strong></span> <span class='ocrx_word' id='word_1_20' title='bbox 1356 934 1635 981; x_wconf 82' lang='lat' dir='ltr'><strong>Scottorum</strong></span> <span class='ocrx_word' id='word_1_21' title='bbox 1661 934 1882 980; x_wconf 86' lang='lat' dir='ltr'><strong>omnibus</strong></span> <span class='ocrx_word' id='word_1_22' title='bbox 1905 933 2068 995; x_wconf 86' lang='lat' dir='ltr'><strong>probis</strong></span> <span class='ocrx_word' id='word_1_23' title='bbox 2098 933 2372 981; x_wconf 88' lang='lat' dir='ltr'><strong>hominibus</strong></span> <span class='ocrx_word' id='word_1_24' title='bbox 2396 936 2545 981; x_wconf 87' lang='lat' dir='ltr'><strong>totius</strong></span> 
     </span>
     <span class='ocr_line' id='line_1_6' title="bbox 607 1001 2547 1087; baseline -0.003 -8"><span class='ocrx_word' id='word_1_25' title='bbox 607 1040 732 1079; x_wconf 89' lang='lat' dir='ltr'><strong>terre</strong></span> <span class='ocrx_word' id='word_1_26' title='bbox 755 1030 835 1077; x_wconf 90' lang='lat' dir='ltr'><strong>sue</strong></span> <span class='ocrx_word' id='word_1_27' title='bbox 857 1027 1057 1076; x_wconf 87' lang='lat' dir='ltr'><strong>salutem</strong></span> <span class='ocrx_word' id='word_1_28' title='bbox 1126 1027 1293 1074; x_wconf 87' lang='lat' dir='ltr'><strong>Sciant</strong></span> <span class='ocrx_word' id='word_1_29' title='bbox 1316 1023 1559 1087; x_wconf 80' lang='lat' dir='ltr'>presentes</span> <span class='ocrx_word' id='word_1_30' title='bbox 1584 1032 1634 1071; x_wconf 88' lang='lat' dir='ltr'><strong>et</strong></span> <span class='ocrx_word' id='word_1_31' title='bbox 1657 1025 1810 1072; x_wconf 90' lang='lat' dir='ltr'><strong>futuri</strong></span> <span class='ocrx_word' id='word_1_32' title='bbox 1834 1039 1920 1071; x_wconf 89' lang='lat' dir='ltr'><strong>nos</strong></span> <span class='ocrx_word' id='word_1_33' title='bbox 1938 1001 2207 1072; x_wconf 65' lang='lat' dir='ltr'><strong>concessiffe</strong></span> <span class='ocrx_word' id='word_1_34' title='bbox 2229 1031 2280 1072; x_wconf 91' lang='lat' dir='ltr'><strong>et</strong></span> <span class='ocrx_word' id='word_1_35' title='bbox 2302 1025 2393 1073; x_wconf 89' lang='lat' dir='ltr'><strong>hac</strong></span> <span class='ocrx_word' id='word_1_36' title='bbox 2415 1035 2547 1073; x_wconf 86' lang='lat' dir='ltr'><strong>carta</strong></span> 
     </span>
     <span class='ocr_line' id='line_1_7' title="bbox 607 1115 2548 1177; baseline -0.003 -8"><span class='ocrx_word' id='word_1_37' title='bbox 607 1119 764 1169; x_wconf 88' lang='lat' dir='ltr'><strong>nostra</strong></span> <span class='ocrx_word' id='word_1_38' title='bbox 786 1116 1074 1167; x_wconf 71' lang='lat' dir='ltr'><strong>confirmasse</strong></span> <span class='ocrx_word' id='word_1_39' title='bbox 1099 1118 1405 1164; x_wconf 84' lang='lat' dir='ltr'><strong>donationem</strong></span> <span class='ocrx_word' id='word_1_40' title='bbox 1430 1115 1563 1162; x_wconf 90' lang='lat' dir='ltr'><strong>illam</strong></span> <span class='ocrx_word' id='word_1_41' title='bbox 1588 1132 1730 1177; x_wconf 92' lang='lat' dir='ltr'><strong>quam</strong></span> <span class='ocrx_word' id='word_1_42' title='bbox 1756 1115 1999 1165; x_wconf 89' lang='lat' dir='ltr'><strong>Robertus</strong></span> <span class='ocrx_word' id='word_1_43' title='bbox 2018 1116 2185 1164; x_wconf 89' lang='lat' dir='ltr'><strong>Abbas</strong></span> <span class='ocrx_word' id='word_1_44' title='bbox 2208 1123 2259 1164; x_wconf 92' lang='lat' dir='ltr'><strong>et</strong></span> <span class='ocrx_word' id='word_1_45' title='bbox 2281 1125 2548 1165; x_wconf 85' lang='lat' dir='ltr'><strong>conventus</strong></span> 
     </span>
     <span class='ocr_line' id='line_1_8' title="bbox 608 1181 2606 1272; baseline -0.002 -12"><span class='ocrx_word' id='word_1_46' title='bbox 608 1215 666 1260; x_wconf 90' lang='lat' dir='ltr'><strong>de</strong></span> <span class='ocrx_word' id='word_1_47' title='bbox 691 1212 846 1259; x_wconf 88' lang='lat' dir='ltr'><strong>Scona</strong></span> <span class='ocrx_word' id='word_1_48' title='bbox 869 1212 918 1257; x_wconf 91' lang='lat' dir='ltr'><strong>in</strong></span> <span class='ocrx_word' id='word_1_49' title='bbox 941 1210 1084 1271; x_wconf 92' lang='lat' dir='ltr'><strong>pleno</strong></span> <span class='ocrx_word' id='word_1_50' title='bbox 1109 1208 1319 1270; x_wconf 89' lang='lat' dir='ltr'><strong>capitulo</strong></span> <span class='ocrx_word' id='word_1_51' title='bbox 1342 1206 1425 1254; x_wconf 92' lang='lat' dir='ltr'><strong>suo</strong></span> <span class='ocrx_word' id='word_1_52' title='bbox 1450 1208 1670 1254; x_wconf 91' lang='lat' dir='ltr'><strong>fecerunt</strong></span> <span class='ocrx_word' id='word_1_53' title='bbox 1705 1209 1900 1255; x_wconf 91' lang='lat' dir='ltr'><strong>nomine</strong></span> <span class='ocrx_word' id='word_1_54' title='bbox 1936 1206 2291 1270; x_wconf 74' lang='lat' dir='ltr'><strong>compositionis</strong></span> <span class='ocrx_word' id='word_1_55' title='bbox 2315 1199 2547 1272; x_wconf 85' lang='lat' dir='ltr'><strong>Gregorio</strong></span> <span class='ocrx_word' id='word_1_56' title='bbox 2599 1181 2606 1187; x_wconf 89' lang='lat'>-</span> 
     </span>
     <span class='ocr_line' id='line_1_9' title="bbox 608 1300 2554 1362; baseline -0.002 -11"><span class='ocrx_word' id='word_1_57' title='bbox 608 1306 667 1351; x_wconf 94' lang='lat' dir='ltr'><strong>de</strong></span> <span class='ocrx_word' id='word_1_58' title='bbox 686 1301 1046 1350; x_wconf 79' lang='lat' dir='ltr'><strong>Cambisrnichel</strong></span> <span class='ocrx_word' id='word_1_59' title='bbox 1065 1301 1125 1347; x_wconf 93' lang='lat' dir='ltr'><strong>de</strong></span> <span class='ocrx_word' id='word_1_60' title='bbox 1144 1301 1282 1347; x_wconf 88' lang='lat' dir='ltr'><strong>terris</strong></span> <span class='ocrx_word' id='word_1_61' title='bbox 1300 1300 1360 1347; x_wconf 93' lang='lat' dir='ltr'><strong>de</strong></span> <span class='ocrx_word' id='word_1_62' title='bbox 1378 1300 1620 1362; x_wconf 90' lang='lat' dir='ltr'><strong>crouchyn</strong></span> <span class='ocrx_word' id='word_1_63' title='bbox 1638 1306 1690 1347; x_wconf 89' lang='lat' dir='ltr'><strong>et</strong></span> <span class='ocrx_word' id='word_1_64' title='bbox 1709 1300 1769 1347; x_wconf 91' lang='lat' dir='ltr'><strong>de</strong></span> <span class='ocrx_word' id='word_1_65' title='bbox 1787 1300 2032 1348; x_wconf 89' lang='lat' dir='ltr'><strong>cloncater</strong></span> <span class='ocrx_word' id='word_1_66' title='bbox 2049 1302 2099 1348; x_wconf 89' lang='lat' dir='ltr'><strong>in</strong></span> <span class='ocrx_word' id='word_1_67' title='bbox 2118 1300 2409 1349; x_wconf 86' lang='lat' dir='ltr'><strong>escambium</strong></span> <span class='ocrx_word' id='word_1_68' title='bbox 2428 1308 2554 1349; x_wconf 88' lang='lat' dir='ltr'><strong>terre</strong></span> 
     </span>
     <span class='ocr_line' id='line_1_10' title="bbox 607 1391 2549 1455; baseline -0.002 -13"><span class='ocrx_word' id='word_1_69' title='bbox 607 1396 666 1442; x_wconf 91' lang='lat' dir='ltr'><strong>de</strong></span> <span class='ocrx_word' id='word_1_70' title='bbox 697 1392 1063 1442; x_wconf 88' lang='lat' dir='ltr'><strong>Cambismichel</strong></span> <span class='ocrx_word' id='word_1_71' title='bbox 1099 1407 1241 1453; x_wconf 91' lang='lat' dir='ltr'><strong>quam</strong></span> <span class='ocrx_word' id='word_1_72' title='bbox 1278 1392 1432 1438; x_wconf 74' lang='lat' dir='ltr'><strong>di&amp;us</strong></span> <span class='ocrx_word' id='word_1_73' title='bbox 1467 1391 1729 1455; x_wconf 81' lang='lat' dir='ltr'><strong>Gregorius</strong></span> <span class='ocrx_word' id='word_1_74' title='bbox 1764 1392 1824 1438; x_wconf 93' lang='lat' dir='ltr'><strong>de</strong></span> <span class='ocrx_word' id='word_1_75' title='bbox 1859 1393 1928 1441; x_wconf 86' lang='lat' dir='ltr'><strong>eis</strong></span> <span class='ocrx_word' id='word_1_76' title='bbox 1963 1393 2123 1439; x_wconf 91' lang='lat' dir='ltr'><strong>tenuit</strong></span> <span class='ocrx_word' id='word_1_77' title='bbox 2157 1401 2209 1440; x_wconf 92' lang='lat' dir='ltr'><strong>et</strong></span> <span class='ocrx_word' id='word_1_78' title='bbox 2244 1392 2305 1439; x_wconf 90' lang='lat' dir='ltr'><strong>de</strong></span> <span class='ocrx_word' id='word_1_79' title='bbox 2328 1408 2423 1454; x_wconf 89' lang='lat' dir='ltr'><strong>qua</strong></span> <span class='ocrx_word' id='word_1_80' title='bbox 2456 1394 2549 1440; x_wconf 91' lang='lat' dir='ltr'><strong>fuit</strong></span> 
     </span>
     <span class='ocr_line' id='line_1_11' title="bbox 609 1482 2551 1547; baseline -0.001 -13"><span class='ocrx_word' id='word_1_81' title='bbox 609 1488 853 1534; x_wconf 88' lang='lat' dir='ltr'><strong>contentio</strong></span> <span class='ocrx_word' id='word_1_82' title='bbox 885 1487 1010 1532; x_wconf 91' lang='lat' dir='ltr'><strong>inter</strong></span> <span class='ocrx_word' id='word_1_83' title='bbox 1038 1483 1160 1546; x_wconf 86' lang='lat' dir='ltr'><strong>ipsos</strong></span> <span class='ocrx_word' id='word_1_84' title='bbox 1239 1482 1452 1530; x_wconf 91' lang='lat' dir='ltr'><strong>Tenend.</strong></span> <span class='ocrx_word' id='word_1_85' title='bbox 1486 1490 1538 1530; x_wconf 91' lang='lat' dir='ltr'><strong>et</strong></span> <span class='ocrx_word' id='word_1_86' title='bbox 1571 1483 1777 1531; x_wconf 86' lang='lat' dir='ltr'><strong>habend.</strong></span> <span class='ocrx_word' id='word_1_87' title='bbox 1811 1484 1936 1531; x_wconf 54' lang='lat' dir='ltr'><strong>ditio</strong></span> <span class='ocrx_word' id='word_1_88' title='bbox 1976 1484 2210 1547; x_wconf 89' lang='lat' dir='ltr'><strong>Gregorio</strong></span> <span class='ocrx_word' id='word_1_89' title='bbox 2251 1492 2302 1532; x_wconf 92' lang='lat' dir='ltr'><strong>et</strong></span> <span class='ocrx_word' id='word_1_90' title='bbox 2344 1495 2551 1546; x_wconf 90' lang='lat' dir='ltr'><strong>quatuor</strong></span> 
     </span>
     <span class='ocr_line' id='line_1_12' title="bbox 608 1573 2550 1638; baseline -0.001 -13"><span class='ocrx_word' id='word_1_91' title='bbox 608 1579 861 1625; x_wconf 85' lang='lat' dir='ltr'><strong>heredibus</strong></span> <span class='ocrx_word' id='word_1_92' title='bbox 883 1576 976 1623; x_wconf 90' lang='lat' dir='ltr'><strong>suis</strong></span> <span class='ocrx_word' id='word_1_93' title='bbox 1000 1577 1059 1623; x_wconf 91' lang='lat' dir='ltr'><strong>de</strong></span> <span class='ocrx_word' id='word_1_94' title='bbox 1084 1591 1277 1637; x_wconf 89' lang='lat' dir='ltr'><strong>corpore</strong></span> <span class='ocrx_word' id='word_1_95' title='bbox 1300 1573 1384 1622; x_wconf 91' lang='lat' dir='ltr'><strong>suo</strong></span> <span class='ocrx_word' id='word_1_96' title='bbox 1419 1575 1597 1623; x_wconf 73' lang='lat' dir='ltr'><strong>dire&amp;e</strong></span> <span class='ocrx_word' id='word_1_97' title='bbox 1632 1582 1684 1623; x_wconf 91' lang='lat' dir='ltr'><strong>et</strong></span> <span class='ocrx_word' id='word_1_98' title='bbox 1718 1574 1958 1638; x_wconf 89' lang='lat' dir='ltr'><strong>legittime</strong></span> <span class='ocrx_word' id='word_1_99' title='bbox 1992 1577 2365 1638; x_wconf 88' lang='lat' dir='ltr'><strong>procedentibus</strong></span> <span class='ocrx_word' id='word_1_100' title='bbox 2390 1577 2464 1623; x_wconf 88' lang='lat' dir='ltr'><strong>vel</strong></span> <span class='ocrx_word' id='word_1_101' title='bbox 2490 1578 2550 1624; x_wconf 89' lang='lat' dir='ltr'><strong>de</strong></span> 
     </span>
     <span class='ocr_line' id='line_1_13' title="bbox 610 1665 2552 1731; baseline -0.001 -15"><span class='ocrx_word' id='word_1_102' title='bbox 610 1668 717 1731; x_wconf 84' lang='lat' dir='ltr'><strong>ipfis</strong></span> <span class='ocrx_word' id='word_1_103' title='bbox 742 1670 981 1731; x_wconf 87' lang='lat' dir='ltr'><strong>legittime</strong></span> <span class='ocrx_word' id='word_1_104' title='bbox 1014 1666 1411 1714; x_wconf 86' lang='lat' dir='ltr'><strong>descendentibus</strong></span> <span class='ocrx_word' id='word_1_105' title='bbox 1443 1665 1592 1728; x_wconf 89' lang='lat' dir='ltr'><strong>usque</strong></span> <span class='ocrx_word' id='word_1_106' title='bbox 1626 1667 1686 1714; x_wconf 90' lang='lat' dir='ltr'><strong>ad</strong></span> <span class='ocrx_word' id='word_1_107' title='bbox 1716 1673 1940 1729; x_wconf 90' lang='lat' dir='ltr'><strong>quartum</strong></span> <span class='ocrx_word' id='word_1_108' title='bbox 1975 1668 2203 1715; x_wconf 91' lang='lat' dir='ltr'><strong>heredem</strong></span> <span class='ocrx_word' id='word_1_109' title='bbox 2236 1668 2296 1715; x_wconf 91' lang='lat' dir='ltr'><strong>de</strong></span> <span class='ocrx_word' id='word_1_110' title='bbox 2327 1670 2552 1730; x_wconf 70' lang='lat' dir='ltr'><strong>prediffls</strong></span> 
     </span>
     <span class='ocr_line' id='line_1_14' title="bbox 609 1756 2597 1820; baseline -0.001 -11"><span class='ocrx_word' id='word_1_111' title='bbox 609 1763 780 1809; x_wconf 79' lang='lat' dir='ltr'><strong>abbate</strong></span> <span class='ocrx_word' id='word_1_112' title='bbox 804 1768 853 1807; x_wconf 91' lang='lat' dir='ltr'><strong>et</strong></span> <span class='ocrx_word' id='word_1_113' title='bbox 876 1766 1117 1807; x_wconf 90' lang='lat' dir='ltr'><strong>conventu</strong></span> <span class='ocrx_word' id='word_1_114' title='bbox 1142 1765 1192 1806; x_wconf 89' lang='lat' dir='ltr'><strong>et</strong></span> <span class='ocrx_word' id='word_1_115' title='bbox 1216 1774 1383 1805; x_wconf 89' lang='lat' dir='ltr'><strong>eorum</strong></span> <span class='ocrx_word' id='word_1_116' title='bbox 1406 1756 1744 1806; x_wconf 70' lang='lat' dir='ltr'><strong>successoribus</strong></span> <span class='ocrx_word' id='word_1_117' title='bbox 1768 1774 1854 1820; x_wconf 89' lang='lat' dir='ltr'><strong>per</strong></span> <span class='ocrx_word' id='word_1_118' title='bbox 1875 1760 2027 1807; x_wconf 73' lang='lat' dir='ltr'><strong>re&amp;as</strong></span> <span class='ocrx_word' id='word_1_119' title='bbox 2047 1758 2217 1807; x_wconf 80' lang='lat' dir='ltr'><strong>divisas</strong></span> <span class='ocrx_word' id='word_1_120' title='bbox 2234 1758 2341 1807; x_wconf 89' lang='lat' dir='ltr'><strong>suas</strong></span> <span class='ocrx_word' id='word_1_121' title='bbox 2365 1767 2417 1807; x_wconf 90' lang='lat' dir='ltr'><strong>et</strong></span> <span class='ocrx_word' id='word_1_122' title='bbox 2440 1776 2550 1807; x_wconf 88' lang='lat' dir='ltr'><strong>cum</strong></span> <span class='ocrx_word' id='word_1_123' title='bbox 2583 1788 2597 1797; x_wconf 87' lang='lat'><em>-</em></span> 
     </span>
     <span class='ocr_line' id='line_1_15' title="bbox 610 1847 2552 1913; baseline -0.001 -13"><span class='ocrx_word' id='word_1_124' title='bbox 610 1854 827 1900; x_wconf 90' lang='lat' dir='ltr'><strong>omnibus</strong></span> <span class='ocrx_word' id='word_1_125' title='bbox 852 1849 983 1899; x_wconf 91' lang='lat' dir='ltr'><strong>iustis</strong></span> <span class='ocrx_word' id='word_1_126' title='bbox 1007 1851 1311 1913; x_wconf 84' lang='lat' dir='ltr'><strong>pertinentiis</strong></span> <span class='ocrx_word' id='word_1_127' title='bbox 1335 1856 1386 1896; x_wconf 90' lang='lat' dir='ltr'><strong>et</strong></span> <span class='ocrx_word' id='word_1_128' title='bbox 1410 1849 1715 1897; x_wconf 81' lang='lat' dir='ltr'><strong>libertatibus</strong></span> <span class='ocrx_word' id='word_1_129' title='bbox 1749 1847 1844 1897; x_wconf 89' lang='lat' dir='ltr'><strong>suis</strong></span> <span class='ocrx_word' id='word_1_130' title='bbox 1879 1851 1950 1898; x_wconf 89' lang='lat' dir='ltr'><strong>ita</strong></span> <span class='ocrx_word' id='word_1_131' title='bbox 1979 1849 2129 1898; x_wconf 91' lang='lat' dir='ltr'><strong>libere</strong></span> <span class='ocrx_word' id='word_1_132' title='bbox 2153 1852 2316 1912; x_wconf 88' lang='lat' dir='ltr'><strong>quiete</strong></span> <span class='ocrx_word' id='word_1_133' title='bbox 2340 1851 2552 1913; x_wconf 86' lang='lat' dir='ltr'><strong>plenarie</strong></span> 
     </span>
     <span class='ocr_line' id='line_1_16' title="bbox 610 1940 2553 2005; baseline -0.001 -13"><span class='ocrx_word' id='word_1_134' title='bbox 610 1955 658 1992; x_wconf 88' lang='lat' dir='ltr'><strong>et</strong></span> <span class='ocrx_word' id='word_1_135' title='bbox 692 1945 948 1992; x_wconf 88' lang='lat' dir='ltr'><strong>honorifice</strong></span> <span class='ocrx_word' id='word_1_136' title='bbox 977 1941 1097 1991; x_wconf 84' lang='lat' dir='ltr'><strong>ficut</strong></span> <span class='ocrx_word' id='word_1_137' title='bbox 1127 1942 1460 2005; x_wconf 87' lang='lat' dir='ltr'><strong>cirographum</strong></span> <span class='ocrx_word' id='word_1_138' title='bbox 1496 1940 1637 2004; x_wconf 86' lang='lat' dir='ltr'><strong>super</strong></span> <span class='ocrx_word' id='word_1_139' title='bbox 1672 1942 1798 1989; x_wconf 68' lang='lat' dir='ltr'><strong>dicta</strong></span> <span class='ocrx_word' id='word_1_140' title='bbox 1831 1941 2172 2005; x_wconf 77' lang='lat' dir='ltr'><strong>compositione</strong></span> <span class='ocrx_word' id='word_1_141' title='bbox 2208 1951 2259 1992; x_wconf 92' lang='lat' dir='ltr'><strong>et</strong></span> <span class='ocrx_word' id='word_1_142' title='bbox 2294 1945 2553 1992; x_wconf 87' lang='lat' dir='ltr'><strong>donatione</strong></span> 
     </span>
     <span class='ocr_line' id='line_1_17' title="bbox 609 2030 2554 2099; baseline 0 -15"><span class='ocrx_word' id='word_1_143' title='bbox 609 2040 735 2084; x_wconf 91' lang='lat' dir='ltr'><strong>inter</strong></span> <span class='ocrx_word' id='word_1_144' title='bbox 756 2035 879 2099; x_wconf 90' lang='lat' dir='ltr'><strong>ipsos</strong></span> <span class='ocrx_word' id='word_1_145' title='bbox 902 2035 1171 2083; x_wconf 69' lang='lat' dir='ltr'><strong>confeEtum</strong></span> <span class='ocrx_word' id='word_1_146' title='bbox 1203 2034 1392 2096; x_wconf 86' lang='lat' dir='ltr'><strong>plenius</strong></span> <span class='ocrx_word' id='word_1_147' title='bbox 1415 2030 1538 2080; x_wconf 91' lang='lat' dir='ltr'><strong>iuste</strong></span> <span class='ocrx_word' id='word_1_148' title='bbox 1563 2031 1767 2081; x_wconf 87' lang='lat' dir='ltr'><strong>testatur</strong></span> <span class='ocrx_word' id='word_1_149' title='bbox 1835 2034 1981 2082; x_wconf 87' lang='lat' dir='ltr'><strong>Salvo</strong></span> <span class='ocrx_word' id='word_1_150' title='bbox 2003 2034 2201 2084; x_wconf 81' lang='lat' dir='ltr'><strong>servicio</strong></span> <span class='ocrx_word' id='word_1_151' title='bbox 2224 2034 2385 2085; x_wconf 89' lang='lat' dir='ltr'><strong>nostro</strong></span> <span class='ocrx_word' id='word_1_152' title='bbox 2442 2053 2554 2084; x_wconf 89' lang='lat' dir='ltr'><strong>con-</strong></span> 
     </span>
     <span class='ocr_line' id='line_1_18' title="bbox 609 2115 2555 2192; baseline -0.001 -16"><span class='ocrx_word' id='word_1_153' title='bbox 609 2131 828 2192; x_wconf 86' lang='lat' dir='ltr'><strong>tingente</strong></span> <span class='ocrx_word' id='word_1_154' title='bbox 851 2134 1014 2175; x_wconf 91' lang='lat' dir='ltr'><strong>autem</strong></span> <span class='ocrx_word' id='word_1_155' title='bbox 1049 2127 1175 2188; x_wconf 91' lang='lat' dir='ltr'><strong>quod</strong></span> <span class='ocrx_word' id='word_1_156' title='bbox 1212 2126 1365 2172; x_wconf 69' lang='lat' dir='ltr'><strong>di&amp;us</strong></span> <span class='ocrx_word' id='word_1_157' title='bbox 1389 2124 1651 2188; x_wconf 89' lang='lat' dir='ltr'><strong>Gregorius</strong></span> <span class='ocrx_word' id='word_1_158' title='bbox 1677 2127 1751 2172; x_wconf 84' lang='lat' dir='ltr'><strong>vel</strong></span> <span class='ocrx_word' id='word_1_159' title='bbox 1788 2115 1960 2188; x_wconf 82' lang='lat' dir='ltr'><strong>aliquis</strong></span> <span class='ocrx_word' id='word_1_160' title='bbox 1993 2127 2227 2175; x_wconf 90' lang='lat' dir='ltr'><strong>heredum</strong></span> <span class='ocrx_word' id='word_1_161' title='bbox 2250 2127 2442 2175; x_wconf 91' lang='lat' dir='ltr'><strong>suorum</strong></span> <span class='ocrx_word' id='word_1_162' title='bbox 2472 2130 2555 2175; x_wconf 91' lang='lat' dir='ltr'><strong>de-</strong></span> 
     </span>
     <span class='ocr_line' id='line_1_19' title="bbox 610 2217 2553 2280; baseline 0 -12"><span class='ocrx_word' id='word_1_163' title='bbox 610 2222 749 2268; x_wconf 88' lang='lat' dir='ltr'><strong>cedat</strong></span> <span class='ocrx_word' id='word_1_164' title='bbox 771 2218 870 2266; x_wconf 87' lang='lat' dir='ltr'><strong>fine</strong></span> <span class='ocrx_word' id='word_1_165' title='bbox 893 2219 1067 2266; x_wconf 91' lang='lat' dir='ltr'><strong>herede</strong></span> <span class='ocrx_word' id='word_1_166' title='bbox 1091 2219 1151 2266; x_wconf 92' lang='lat' dir='ltr'><strong>de</strong></span> <span class='ocrx_word' id='word_1_167' title='bbox 1174 2219 1363 2280; x_wconf 90' lang='lat' dir='ltr'><strong>proprio</strong></span> <span class='ocrx_word' id='word_1_168' title='bbox 1398 2233 1595 2279; x_wconf 90' lang='lat' dir='ltr'><strong>corpore</strong></span> <span class='ocrx_word' id='word_1_169' title='bbox 1619 2217 1861 2280; x_wconf 89' lang='lat' dir='ltr'><strong>legittime</strong></span> <span class='ocrx_word' id='word_1_170' title='bbox 1885 2217 2207 2267; x_wconf 87' lang='lat' dir='ltr'><strong>descendente</strong></span> <span class='ocrx_word' id='word_1_171' title='bbox 2232 2219 2473 2268; x_wconf 89' lang='lat' dir='ltr'><strong>Volumus</strong></span> <span class='ocrx_word' id='word_1_172' title='bbox 2497 2230 2553 2268; x_wconf 89' lang='lat' dir='ltr'><strong>ut</strong></span> 
     </span>
     <span class='ocr_line' id='line_1_20' title="bbox 613 2309 2552 2374; baseline 0.001 -16"><span class='ocrx_word' id='word_1_173' title='bbox 613 2313 820 2374; x_wconf 58' lang='lat' dir='ltr'><strong>predicte</strong></span> <span class='ocrx_word' id='word_1_174' title='bbox 854 2319 980 2358; x_wconf 90' lang='lat' dir='ltr'><strong>terre</strong></span> <span class='ocrx_word' id='word_1_175' title='bbox 1014 2310 1194 2358; x_wconf 86' lang='lat' dir='ltr'><strong>scilicet</strong></span> <span class='ocrx_word' id='word_1_176' title='bbox 1229 2310 1440 2372; x_wconf 87' lang='lat' dir='ltr'><strong>cruchyn</strong></span> <span class='ocrx_word' id='word_1_177' title='bbox 1476 2316 1527 2356; x_wconf 92' lang='lat' dir='ltr'><strong>et</strong></span> <span class='ocrx_word' id='word_1_178' title='bbox 1561 2309 1807 2357; x_wconf 88' lang='lat' dir='ltr'><strong>cloncater</strong></span> <span class='ocrx_word' id='word_1_179' title='bbox 1840 2310 1900 2357; x_wconf 89' lang='lat' dir='ltr'><strong>ad</strong></span> <span class='ocrx_word' id='word_1_180' title='bbox 1936 2311 2190 2358; x_wconf 87' lang='lat' dir='ltr'><strong>canonicos</strong></span> <span class='ocrx_word' id='word_1_181' title='bbox 2226 2312 2286 2359; x_wconf 92' lang='lat' dir='ltr'><strong>de</strong></span> <span class='ocrx_word' id='word_1_182' title='bbox 2322 2311 2480 2359; x_wconf 90' lang='lat' dir='ltr'><strong>Scona</strong></span> <span class='ocrx_word' id='word_1_183' title='bbox 2503 2315 2552 2359; x_wconf 87' lang='lat' dir='ltr'><strong>in</strong></span> 
     </span>
     <span class='ocr_line' id='line_1_21' title="bbox 613 2398 2557 2465; baseline 0 -15"><span class='ocrx_word' id='word_1_184' title='bbox 613 2411 897 2465; x_wconf 89' lang='lat' dir='ltr'><strong>perpetuum</strong></span> <span class='ocrx_word' id='word_1_185' title='bbox 934 2408 1236 2450; x_wconf 86' lang='lat' dir='ltr'><strong>revertantur</strong></span> <span class='ocrx_word' id='word_1_186' title='bbox 1273 2398 1395 2448; x_wconf 88' lang='lat' dir='ltr'><strong>ficut</strong></span> <span class='ocrx_word' id='word_1_187' title='bbox 1433 2403 1482 2448; x_wconf 94' lang='lat' dir='ltr'><strong>in</strong></span> <span class='ocrx_word' id='word_1_188' title='bbox 1520 2401 1689 2448; x_wconf 90' lang='lat' dir='ltr'><strong>eodem</strong></span> <span class='ocrx_word' id='word_1_189' title='bbox 1731 2402 2010 2464; x_wconf 87' lang='lat' dir='ltr'><strong>cirographo</strong></span> <span class='ocrx_word' id='word_1_190' title='bbox 2048 2402 2239 2464; x_wconf 90' lang='lat' dir='ltr'><strong>plenius</strong></span> <span class='ocrx_word' id='word_1_191' title='bbox 2278 2406 2557 2452; x_wconf 88' lang='lat' dir='ltr'><strong>continetur</strong></span> 
     </span>
     <span class='ocr_line' id='line_1_22' title="bbox 613 2493 1413 2556; baseline -0.003 -14"><span class='ocrx_word' id='word_1_192' title='bbox 613 2494 753 2543; x_wconf 85' lang='lat' dir='ltr'><strong>Teste</strong></span> <span class='ocrx_word' id='word_1_193' title='bbox 776 2496 972 2556; x_wconf 87' lang='lat' dir='ltr'><strong>patricio</strong></span> <span class='ocrx_word' id='word_1_194' title='bbox 997 2495 1173 2542; x_wconf 87' lang='lat' dir='ltr'><strong>comite</strong></span> <span class='ocrx_word' id='word_1_195' title='bbox 1199 2493 1413 2541; x_wconf 87' lang='lat' dir='ltr'><strong>Dunbar.</strong></span> 
     </span>
    </p>
   </div>
   <div class='ocr_carea' id='block_1_6' title="bbox 617 2674 2125 2740">
    <p class='ocr_par' dir='ltr' id='par_1_6' title="bbox 617 2674 2125 2740">
     <span class='ocr_line' id='line_1_23' title="bbox 617 2674 2125 2740; baseline -0.004 -13"><span class='ocrx_word' id='word_1_196' title='bbox 617 2682 762 2727; x_wconf 81' lang='lat' dir='ltr'><strong>Carta</strong></span> <span class='ocrx_word' id='word_1_197' title='bbox 785 2678 1050 2726; x_wconf 81' lang='lat' dir='ltr'><strong>Alexandri</strong></span> <span class='ocrx_word' id='word_1_198' title='bbox 1077 2678 1223 2740; x_wconf 89' lang='lat' dir='ltr'><strong>Regis</strong></span> <span class='ocrx_word' id='word_1_199' title='bbox 1246 2677 1306 2724; x_wconf 93' lang='lat' dir='ltr'><strong>de</strong></span> <span class='ocrx_word' id='word_1_200' title='bbox 1331 2683 1461 2724; x_wconf 87' lang='lat' dir='ltr'><strong>terra</strong></span> <span class='ocrx_word' id='word_1_201' title='bbox 1483 2677 1544 2724; x_wconf 93' lang='lat' dir='ltr'><strong>de</strong></span> <span class='ocrx_word' id='word_1_202' title='bbox 1568 2675 1712 2723; x_wconf 86' lang='lat' dir='ltr'><strong>Blare</strong></span> <span class='ocrx_word' id='word_1_203' title='bbox 1736 2676 1786 2722; x_wconf 87' lang='lat' dir='ltr'><strong>in</strong></span> <span class='ocrx_word' id='word_1_204' title='bbox 1813 2674 2125 2723; x_wconf 86' lang='lat' dir='ltr'><strong>Warennam.</strong></span> 
     </span>
    </p>
   </div>
   <div class='ocr_carea' id='block_1_7' title="bbox 615 2850 2558 3365">
    <p class='ocr_par' dir='ltr' id='par_1_7' title="bbox 615 2850 2558 3365">
     <span class='ocr_line' id='line_1_24' title="bbox 619 2850 2555 2923; baseline 0 -12"><span class='ocrx_word' id='word_1_205' title='bbox 619 2850 911 2912; x_wconf 86' lang='lat' dir='ltr'><strong>Alexander</strong></span> <span class='ocrx_word' id='word_1_206' title='bbox 935 2862 1025 2909; x_wconf 90' lang='lat' dir='ltr'><strong>Dei</strong></span> <span class='ocrx_word' id='word_1_207' title='bbox 1050 2862 1203 2923; x_wconf 83' lang='lat' dir='ltr'><strong>gratia</strong></span> <span class='ocrx_word' id='word_1_208' title='bbox 1226 2861 1335 2908; x_wconf 85' lang='lat' dir='ltr'><strong>Rex</strong></span> <span class='ocrx_word' id='word_1_209' title='bbox 1359 2859 1638 2908; x_wconf 87' lang='lat' dir='ltr'><strong>Scottorum</strong></span> <span class='ocrx_word' id='word_1_210' title='bbox 1668 2857 1890 2905; x_wconf 84' lang='lat' dir='ltr'><strong>omnibus</strong></span> <span class='ocrx_word' id='word_1_211' title='bbox 1925 2859 2084 2920; x_wconf 88' lang='lat' dir='ltr'><strong>probis</strong></span> <span class='ocrx_word' id='word_1_212' title='bbox 2108 2860 2382 2910; x_wconf 89' lang='lat' dir='ltr'><strong>hominibus</strong></span> <span class='ocrx_word' id='word_1_213' title='bbox 2406 2865 2555 2910; x_wconf 86' lang='lat' dir='ltr'><strong>totius</strong></span> 
     </span>
     <span class='ocr_line' id='line_1_25' title="bbox 615 2946 2558 3014; baseline -0.001 -10"><span class='ocrx_word' id='word_1_214' title='bbox 615 2965 741 3004; x_wconf 88' lang='lat' dir='ltr'><strong>terre</strong></span> <span class='ocrx_word' id='word_1_215' title='bbox 757 2954 839 3002; x_wconf 90' lang='lat' dir='ltr'><strong>sue</strong></span> <span class='ocrx_word' id='word_1_216' title='bbox 855 2953 1058 3002; x_wconf 87' lang='lat' dir='ltr'><strong>salutem</strong></span> <span class='ocrx_word' id='word_1_217' title='bbox 1126 2953 1293 3000; x_wconf 86' lang='lat' dir='ltr'><strong>Sciant</strong></span> <span class='ocrx_word' id='word_1_218' title='bbox 1317 2952 1442 3014; x_wconf 90' lang='lat' dir='ltr'><strong>quod</strong></span> <span class='ocrx_word' id='word_1_219' title='bbox 1461 2946 1773 2999; x_wconf 84' lang='lat' dir='ltr'><strong>conceffimus</strong></span> <span class='ocrx_word' id='word_1_220' title='bbox 1796 2949 1959 2997; x_wconf 86' lang='lat' dir='ltr'><strong>abbati</strong></span> <span class='ocrx_word' id='word_1_221' title='bbox 1976 2956 2027 2998; x_wconf 92' lang='lat' dir='ltr'><strong>et</strong></span> <span class='ocrx_word' id='word_1_222' title='bbox 2045 2955 2305 3000; x_wconf 85' lang='lat' dir='ltr'><strong>conventui</strong></span> <span class='ocrx_word' id='word_1_223' title='bbox 2324 2954 2384 3002; x_wconf 92' lang='lat' dir='ltr'><strong>de</strong></span> <span class='ocrx_word' id='word_1_224' title='bbox 2399 2954 2558 3003; x_wconf 89' lang='lat' dir='ltr'><strong>Scona</strong></span> 
     </span>
     <span class='ocr_line' id='line_1_26' title="bbox 617 3039 2557 3106; baseline -0.001 -11"><span class='ocrx_word' id='word_1_225' title='bbox 617 3057 673 3095; x_wconf 89' lang='lat' dir='ltr'><strong>ut</strong></span> <span class='ocrx_word' id='word_1_226' title='bbox 707 3055 879 3094; x_wconf 87' lang='lat' dir='ltr'><strong>terram</strong></span> <span class='ocrx_word' id='word_1_227' title='bbox 916 3043 1046 3091; x_wconf 89' lang='lat' dir='ltr'><strong>suam</strong></span> <span class='ocrx_word' id='word_1_228' title='bbox 1078 3045 1137 3091; x_wconf 91' lang='lat' dir='ltr'><strong>de</strong></span> <span class='ocrx_word' id='word_1_229' title='bbox 1161 3042 1305 3090; x_wconf 89' lang='lat' dir='ltr'><strong>Blare</strong></span> <span class='ocrx_word' id='word_1_230' title='bbox 1335 3042 1547 3090; x_wconf 84' lang='lat' dir='ltr'><strong>habeant</strong></span> <span class='ocrx_word' id='word_1_231' title='bbox 1574 3042 1624 3088; x_wconf 87' lang='lat' dir='ltr'><strong>in</strong></span> <span class='ocrx_word' id='word_1_232' title='bbox 1661 3039 1984 3098; x_wconf 80' lang='lat' dir='ltr'><strong>Warrennam</strong></span> <span class='ocrx_word' id='word_1_233' title='bbox 2053 3042 2214 3099; x_wconf 86' lang='lat' dir='ltr'><strong>Quare</strong></span> <span class='ocrx_word' id='word_1_234' title='bbox 2249 3045 2557 3106; x_wconf 90' lang='lat' dir='ltr'><strong>prohibemus</strong></span> 
     </span>
     <span class='ocr_line' id='line_1_27' title="bbox 619 3129 2558 3196; baseline -0.001 -12"><span class='ocrx_word' id='word_1_235' title='bbox 619 3139 817 3185; x_wconf 87' lang='lat' dir='ltr'><strong>firmiter</strong></span> <span class='ocrx_word' id='word_1_236' title='bbox 849 3152 910 3183; x_wconf 91' lang='lat' dir='ltr'><strong>ne</strong></span> <span class='ocrx_word' id='word_1_237' title='bbox 938 3137 1043 3196; x_wconf 90' lang='lat' dir='ltr'><strong>quis</strong></span> <span class='ocrx_word' id='word_1_238' title='bbox 1076 3136 1125 3181; x_wconf 92' lang='lat' dir='ltr'><strong>in</strong></span> <span class='ocrx_word' id='word_1_239' title='bbox 1156 3134 1325 3181; x_wconf 91' lang='lat' dir='ltr'><strong>eadem</strong></span> <span class='ocrx_word' id='word_1_240' title='bbox 1359 3141 1487 3181; x_wconf 90' lang='lat' dir='ltr'><strong>terra</strong></span> <span class='ocrx_word' id='word_1_241' title='bbox 1519 3129 1619 3181; x_wconf 83' lang='lat' dir='ltr'><strong>fine</strong></span> <span class='ocrx_word' id='word_1_242' title='bbox 1653 3147 1819 3180; x_wconf 89' lang='lat' dir='ltr'><strong>eorum</strong></span> <span class='ocrx_word' id='word_1_243' title='bbox 1854 3132 2051 3182; x_wconf 86' lang='lat' dir='ltr'><strong>licentia</strong></span> <span class='ocrx_word' id='word_1_244' title='bbox 2083 3133 2211 3183; x_wconf 88' lang='lat' dir='ltr'><strong>secet</strong></span> <span class='ocrx_word' id='word_1_245' title='bbox 2241 3142 2327 3184; x_wconf 84' lang='lat' dir='ltr'><strong>aut</strong></span> <span class='ocrx_word' id='word_1_246' title='bbox 2355 3144 2558 3184; x_wconf 83' lang='lat' dir='ltr'><strong>venetur</strong></span> 
     </span>
     <span class='ocr_line' id='line_1_28' title="bbox 621 3222 2558 3290; baseline 0 -15"><span class='ocrx_word' id='word_1_247' title='bbox 621 3229 756 3290; x_wconf 87' lang='lat' dir='ltr'><strong>super</strong></span> <span class='ocrx_word' id='word_1_248' title='bbox 778 3226 981 3274; x_wconf 86' lang='lat' dir='ltr'><strong>nostram</strong></span> <span class='ocrx_word' id='word_1_249' title='bbox 1007 3226 1267 3287; x_wconf 85' lang='lat' dir='ltr'><strong>plenariam</strong></span> <span class='ocrx_word' id='word_1_250' title='bbox 1293 3222 1636 3273; x_wconf 62' lang='lat' dir='ltr'><strong>foriffaauram</strong></span> <span class='ocrx_word' id='word_1_251' title='bbox 1672 3224 1839 3273; x_wconf 88' lang='lat' dir='ltr'><strong>decem</strong></span> <span class='ocrx_word' id='word_1_252' title='bbox 1876 3224 2105 3276; x_wconf 86' lang='lat' dir='ltr'><strong>librarum</strong></span> <span class='ocrx_word' id='word_1_253' title='bbox 2172 3224 2298 3275; x_wconf 86' lang='lat' dir='ltr'><strong>Test.</strong></span> <span class='ocrx_word' id='word_1_254' title='bbox 2322 3233 2372 3275; x_wconf 86' lang='lat' dir='ltr'><strong>et</strong></span> <span class='ocrx_word' id='word_1_255' title='bbox 2396 3235 2558 3276; x_wconf 85' lang='lat' dir='ltr'><strong>cetera</strong></span> 
     </span>
     <span class='ocr_line' id='line_1_29' title="bbox 619 3334 771 3365; baseline -0.013 0"><span class='ocrx_word' id='word_1_256' title='bbox 619 3334 771 3365; x_wconf 69' lang='lat' dir='ltr'><strong>amell-</strong></span> 
     </span>
    </p>
   </div>
  </div>
 </body>
</html>
