3002 4030
454 518 568 552 Rue.
585 519 687 552 JAc.
706 519 758 551 11.
992 506 1040 553 S.
1076 506 1471 556 TRINITATIS
1507 509 1598 556 DE
1635 510 1827 558 SCON.
2284 519 2372 562 181

450 633 536 680 sub
559 634 764 696 regulari
798 636 967 682 habitu
1002 637 1280 698 degentium
1314 640 1464 699 quieti
1499 646 1549 687 et
1583 641 1922 702 tranquillitati
1955 623 2108 689 soler?
2129 644 2377 690 intendere

449 731 701 771 teneamur
746 739 856 772 cum
889 726 1011 772 illud
1057 728 1219 788 exigat
1252 729 1423 790 regalis
1464 730 1757 777 excellencie
1801 732 1975 779 devota
2018 731 2282 779 sublimitas
2327 740 2377 780 et

448 816 626 861 'eximie
649 815 1107 877 caritatisdeposcat
1131 818 1325 863 affefiims
1359 816 1595 879 potiffime
1628 817 1876 867 stabilitati
1907 827 1958 868 et
1980 823 2086 883 paci
2108 820 2376 884 monasterij

450 903 596 952 nostri
634 907 692 952 de
734 906 892 954 Scona
930 906 1070 954 solita
1107 909 1407 968 providentia
1444 908 1691 969 specialius
1731 916 1782 957 et
1821 911 2095 973 vigilantius
2129 914 2376 972 providere

448 997 706 1043 debeamus
730 1013 787 1043 eo
811 998 938 1058 quod
966 998 1257 1044 advertimus
1292 1005 1497 1058 quantus
1530 996 1590 1046 fit
1624 1000 1755 1047 locus
1787 1001 1870 1048 ille
1903 1003 2128 1063 precipua
2162 1001 2376 1050 Veneraf

447 1088 580 1133 tione
608 1104 637 1134 a
670 1089 808 1134 nobis
838 1103 937 1134 non
970 1089 1212 1134 immerito
1247 1088 1474 1135 colendus
1508 1089 1693 1136 Idcirco
1728 1092 1993 1137 excitamur
2023 1093 2147 1139 circa
2180 1108 2237 1139 ea
2269 1108 2375 1152 pro-

445 1176 689 1224 secutione
725 1175 864 1224 solita
895 1193 981 1238 per
1020 1193 1113 1238 que
1145 1177 1272 1225 dieto
1314 1177 1597 1225 monasterio
1631 1178 1795 1226 serene
1829 1184 1958 1242 pacis
1980 1182 2300 1242 tranquillitas
2323 1190 2374 1229 et

445 1268 775 1329 amplebbende
798 1269 1081 1329 perveniant
1104 1270 1278 1328 quietis
1303 1268 1497 1315 libertas
1520 1284 1582 1315 ne
1610 1272 1880 1330 quarumvis
1908 1271 2240 1318 fluetuantium
2274 1278 2374 1318 tur-

445 1359 640 1405 batione
665 1358 966 1419 aliquatenus
990 1357 1298 1419 imposterum
1327 1366 1529 1406 vexetur
1551 1361 1677 1419 quod
1704 1359 1858 1420 plenis
1892 1358 2207 1407 defideramus
2235 1361 2373 1409 affec-

444 1449 577 1495 tibus
609 1450 795 1510 pacifici
828 1447 979 1496 status
1012 1447 1322 1510 prosperitate
1367 1448 1515 1495 solida
1548 1448 1686 1495 letari
1720 1450 1847 1495 unde
1879 1456 1936 1496 ut
1980 1450 2174 1497 affe&us
2218 1449 2375 1498 noster

442 1539 712 1600 hujusmodi
735 1540 934 1601 prodeat
959 1541 1010 1586 in
1033 1540 1280 1600 publicum
1305 1539 1478 1587 Sciatis
1501 1555 1587 1585 nos
1623 1537 1892 1600 approbasse
1925 1540 2169 1588 ratificaffe
2192 1547 2242 1588 et
2265 1558 2374 1588 con-

442 1628 642 1678 firmasse
666 1646 832 1678 omnes
857 1637 907 1677 et
931 1628 1138 1692 fingulas
1174 1632 1454 1678 donationes
1484 1636 1534 1676 et
1558 1627 1875 1677 conceffiones
1897 1646 1982 1692 per
2006 1629 2186 1678 nostros
2208 1633 2374 1693 prede-

442 1719 640 1768 ceffores
659 1723 709 1768 in
726 1727 871 1768 antea
885 1722 1030 1768 fafitas
1044 1720 1328 1768 monasterio
1346 1719 1506 1768 nostro
1525 1722 1584 1768 de
1603 1721 1758 1768 Scona
1775 1737 1830 1768 ac
1847 1721 2030 1768 Abbati
2049 1728 2098 1768 et
2116 1725 2373 1769 conventui

440 1811 652 1872 ejusdem
692 1809 963 1873 monasterij
1006 1819 1057 1859 et
1094 1827 1259 1858 eorum
1291 1809 1625 1859 successoribus
1664 1814 2015 1873 imperpetuum
2051 1814 2110 1859 de
2150 1819 2200 1859 et
2239 1811 2374 1874 super

440 1903 773 1950 infeodacione
809 1903 1097 1965 Regalitatis
1134 1909 1371 1949 terrarum
1405 1902 1768 1969 subscriptarum
1807 1903 2030 1949 videlieet
2067 1901 2371 1950 Schirastoun

444 1991 710 2040 Ennorbuss
728 1993 881 2040 Colan
899 1994 1095 2040 inferior
1118 2003 1169 2040 et
1193 1993 1403 2054 superior
1427 1992 1819 2040 Cambusmechel
1843 1993 1968 2039 Biris
1992 1993 2369 2055 Cragmakerane

441 2083 693 2144 Freyirton
717 2084 1032 2145 Berclahyllis
1052 2066 1338 2146 'Argilleane
1357 2084 1600 2145 Lethindy
1619 2083 1960 2144 Gardrummys
1978 2084 2177 2145 boghale
2197 2081 2370 2130 Heffil-

441 2174 610 2236 licluys
629 2190 738 2221 cum
763 2175 809 2221 le
832 2174 1108 2236 schynehyll
1128 2174 1383 2236 Arybothy
1400 2174 1693 2235 Ballynhard
1717 2174 1955 2236 Balgaruy
1973 2174 2176 2235 Pokmyl
2202 2175 2369 2221 Lame-

440 2267 589 2325 pottis
613 2266 977 2327 kyncarroquhy
1000 2265 1361 2326 Balquhormok
1384 2263 1546 2311 Insule
1565 2266 1624 2311 de
1643 2265 1799 2311 Scona
1816 2263 2113 2326 Athnapopil
2132 2265 2366 2325 Cloquhat

439 2372 548 2402 cum
572 2356 794 2416 pertinen
830 2355 1062 2417 Cruchyis
1086 2383 1097 2393 ·
1124 2356 1284 2417 Major
1317 2356 1449 2403 blare
1483 2356 1772 2416 Banquhory
1796 2355 2035 2416 Foyernys
2069 2357 2368 2416 kynnochtry

439 2447 590 2493 Clene
614 2463 724 2493 cum
748 2448 885 2494 toftis
919 2454 970 2494 et
1006 2448 1170 2494 croftis
1200 2447 1346 2494 Terra
1375 2448 1434 2494 de
1459 2447 1628 2507 Durdy
1650 2446 1791 2508 inglis
1815 2447 1966 2506 durdy
1990 2445 2106 2492 Scot
2130 2472 2140 2482 ·
2165 2446 2366 2509 Fingask

439 2538 582 2585 Blare
613 2539 770 2584 minor
804 2554 915 2584 cum
938 2537 1175 2600 piscatura
1198 2538 1258 2584 de
1291 2537 1338 2584 le
1368 2537 1554 2584 kethok
1576 2537 1609 2583 J
1611 2535 1729 2583 acefi
1752 2537 1876 2583 infra
1899 2538 2283 2584 vicecomitatum
2307 2539 2365 2583 de

441 2630 588 2675 Perth
613 2630 680 2675 Et
703 2636 940 2676 terrarum
964 2629 1024 2675 de
1059 2629 1134 2690 lyf
1161 2625 1271 2675 cum
1297 2628 1527 2689 ochtirlyf
1555 2626 1818 2690 estirgurdy
1842 2634 1892 2673 et
1917 2626 2229 2689 Vestirgurdy
2253 2627 2364 2674 Pet-

438 2721 548 2782 elpy
571 2721 817 2782 Driburgh
842 2747 852 2757 ·
880 2720 1017 2782 Logy
1038 2745 1049 2756 ·
1074 2719 1277 2767 blaknes
1301 2735 1409 2767 cum
1433 2719 1569 2764 toftis
1593 2724 1643 2765 et
1678 2719 1841 2764 croftis
1876 2734 2020 2778 prope
2055 2718 2229 2764 Dunde
2253 2718 2363 2764 Bal-

437 2811 566 2872 gally
606 2810 904 2872 Innergoury
942 2810 1138 2873 Dargon
1178 2810 1534 2873 Balgartynnay
1565 2835 1575 2846 ·
1612 2810 1671 2855 de
1706 2809 1752 2855 le
1792 2809 2016 2855 denemill
2054 2808 2086 2853 J
2088 2807 2205 2855 acefi
2241 2810 2363 2855 infra

439 2901 765 2949 Vicecomitat
789 2903 848 2948 de
874 2901 1069 2949 Forfare
1094 2902 1248 2948 Prout
1270 2907 1407 2948 carte
1433 2907 1482 2947 et
1510 2901 1673 2947 littere
1708 2901 1767 2946 de
1801 2900 1925 2945 dicta
1958 2898 2228 2960 Regalitate
2251 2915 2362 2945 con-

440 2994 562 3039 fe&e
584 2992 773 3053 plenius
794 2998 1076 3053 proportant
1099 2999 1149 3039 et
1172 2989 1409 3039 testantur
1432 2990 1630 3052 Insuper
1657 2991 1717 3036 ob
1741 2988 1900 3035 causas
1922 2985 2156 3049 premissas
2180 2989 2363 3035 volum—

438 3099 495 3129 us
519 3090 569 3130 et
592 3080 824 3144 presentis
848 3089 979 3130 carte
1002 3081 1160 3129 nostre
1193 3089 1362 3129 tenore
1396 3082 1699 3128 concedimus
1722 3080 1857 3125 diffls
1881 3078 2062 3125 Abbati
2086 3084 2135 3124 et
2159 3082 2362 3125 conven-

439 3175 511 3219 tui
549 3174 675 3234 quod
712 3173 923 3219 habeant
959 3179 1160 3220 teneant
1197 3179 1247 3220 et
1283 3169 1546 3234 poffideant
1578 3171 1820 3231 perpetuis
1860 3170 2030 3215 futuris
2069 3170 2362 3230 temporibus

437 3270 593 3310 totam
628 3270 678 3310 et
711 3265 947 3325 integram
987 3270 1164 3311 terram
1203 3264 1263 3310 de
1297 3262 1573 3324 Cragmalze
1608 3275 1715 3307 cum
1750 3260 2050 3320 pertinentiis
2083 3257 2175 3306 suis
2208 3259 2359 3307 Jace‘ri
