2982 4016
687 507 749 550 24
1361 499 1566 548 LIBER
1600 497 1928 547 ECCLESIE
2394 512 2494 547 sne.
2520 513 2612 547 xn.

690 728 833 776 Carta
857 726 1093 774 willelmi
1119 726 1265 787 Regis
1288 724 1347 770 de
1372 723 1477 769 Nar
1499 723 1692 769 homine
1715 720 1925 769 Abbatis
1949 722 2009 769 de
2033 721 2205 770 Scona.

595 912 657 954 34
691 893 774 955 W
778 907 983 953 illelmus
1008 906 1114 952 Rex
1139 904 1415 951 Scottorum
1450 901 1671 948 omnibus
1706 901 1866 962 probis
1898 902 2174 950 hominibus
2202 905 2353 951 totius
2383 911 2509 953 terre
2531 904 2613 952 sue

589 2076 646 2118 35

688 998 886 1046 salutem
953 995 1126 1042 Sciatis
1150 1009 1226 1040 me
1250 995 1469 1053 quietum
1505 989 1722 1038 clamasse
1747 991 1852 1038 Nar
1874 992 2118 1039 hominem
2141 992 2351 1041 Abbatis
2374 995 2434 1042 de
2458 994 2615 1043 Scone

688 1090 747 1135 de
780 1086 1051 1147 calumpnia
1084 1100 1225 1145 quam
1261 1084 1405 1130 habui
1430 1082 1590 1130 versus
1626 1098 1738 1129 eum
1762 1083 1987 1130 veniendi
2020 1084 2072 1130 in
2096 1082 2371 1132 Morauiam
2453 1085 2614 1141 Quare

687 1179 790 1225 volo
814 1184 864 1224 et
887 1177 1095 1238 precipio
1130 1182 1185 1222 ut
1218 1171 1415 1221 ecclefia
1438 1174 1498 1220 de
1522 1172 1680 1221 Scone
1704 1178 1755 1221 et
1779 1171 1947 1221 Abbas
1970 1172 2183 1221 eiusdem
2208 1172 2409 1222 ecclesie
2432 1177 2616 1237 predio-

685 1276 787 1315 tum
808 1268 911 1315 Nar
934 1274 983 1314 et
1006 1267 1205 1314 heredes
1229 1265 1334 1312 suos
1359 1265 1532 1312 liberos
1552 1270 1602 1311 et
1624 1262 1804 1311 solutos
1826 1280 1856 1311 a
1878 1279 1957 1311 me
1981 1271 2033 1312 et
2056 1265 2117 1312 ab
2141 1266 2399 1314 heredibus
2421 1268 2541 1313 meis
2562 1268 2613 1314 in

685 1365 968 1420 perpetuum
1007 1359 1216 1405 habeant
1296 1353 1513 1402 Testibus
1554 1354 1756 1402 Andrea
1794 1354 2030 1417 Episcopo
2081 1357 2142 1403 de
2182 1355 2392 1404 Catenes
2433 1356 2615 1405 Nichoi

684 1450 964 1497 cancellario
989 1449 1191 1496 Matheo
1226 1448 1462 1495 archidiac
1487 1446 1829 1493 Sanfflandree
1852 1445 2060 1494 Ricardo
2086 1447 2146 1494 de
2170 1446 2407 1495 Moreuffl
2429 1445 2614 1495 consta-

685 1541 866 1587 bulario
891 1539 1049 1587 Dauid
1075 1538 1258 1586 Olifard
1292 1537 1323 1585 J
1328 1536 1564 1584 usticiario
1596 1536 1819 1584 Waltero
1853 1537 1953 1584 filio
1994 1536 2145 1586 Alani
2179 1538 2411 1600 Dapifero
2447 1538 2497 1585 N
2501 1535 2612 1586 effio

687 1632 784 1678 filio
823 1631 1061 1677 willelmi
1102 1629 1269 1676 Ornuo
1307 1629 1366 1675 de
1407 1628 1668 1675 Abernithi
1706 1626 1950 1676 Gillecrist
1995 1629 2056 1676 de
2100 1644 2208 1677 mac
2253 1631 2385 1677 inien
2430 1629 2611 1677 samuel

684 1722 829 1783 Apud
854 1722 1013 1768 Perth.

682 1902 825 1949 Carta
849 1902 1089 1950 Willelmi
1114 1902 1261 1964 Regis
1285 1902 1345 1949 de
1368 1902 1641 1948 hominibus
1664 1901 1879 1964 fugitivis
1902 1908 1953 1949 et
1977 1901 2037 1950 de
2060 1903 2254 1950 auxilio.

683 2069 977 2131 Willelmus
1001 2086 1076 2131 dei
1099 2085 1252 2146 gratia
1274 2083 1383 2130 Rex
1407 2083 1686 2130 Scottorum
1709 2084 1930 2132 omnibus
1963 2085 2124 2146 probis
2157 2085 2431 2132 hominibus
2460 2087 2610 2133 totius

682 2184 806 2222 terre
829 2175 909 2221 sue
933 2174 1131 2221 salutem
1198 2175 1380 2228 mando
1412 2180 1462 2221 et
1484 2174 1686 2221 firmiter
1717 2176 1928 2236 precipio
1953 2181 2008 2222 ut
2031 2175 2324 2237 ubicumque
2348 2175 2516 2224 Abbas
2550 2179 2610 2224 de

683 2266 838 2313 Scone
862 2272 944 2313 aut
967 2265 1170 2313 serviens
1193 2266 1295 2311 eius
1318 2265 1532 2311 invenire
1555 2266 1767 2326 poterint
1789 2266 2008 2313 homines
2032 2268 2114 2327 qm·
2137 2282 2223 2328 pro
2241 2267 2420 2314 auxilio
2438 2284 2467 2315 a
2483 2274 2611 2316 terra

682 2357 762 2403 sua
801 2357 1010 2419 fugerint
1044 2355 1290 2417 postquam
1325 2355 1558 2403 auxilium
1592 2353 1779 2403 affisum
1810 2357 1956 2404 fuerit
1991 2357 2119 2419 apud
2154 2357 2367 2405 Murelb.
2407 2359 2468 2406 ad
2497 2374 2609 2406 eum

682 2456 731 2494 et
767 2449 826 2495 ad
861 2454 1037 2494 terram
1066 2445 1197 2494 suam
1230 2447 1428 2494 redeant
1451 2452 1502 2494 et
1526 2462 1637 2494 cum
1660 2463 1718 2494 eo
1740 2445 1834 2494 fint
1858 2446 2102 2509 quousque
2137 2448 2370 2496 auxilium
2405 2450 2609 2497 eddatur

683 2539 747 2585 Et
769 2539 995 2601 prohibeo
1018 2538 1218 2584 firmiter
1239 2553 1300 2585 ne
1323 2553 1404 2585 eos
1427 2539 1472 2584 ei
1495 2535 1668 2599 injuste
1701 2537 1873 2599 aliquis
1907 2539 2125 2587 detineat
2147 2537 2287 2601 super
2319 2554 2479 2587 meam
2508 2540 2608 2601 ple·

683 2631 862 2676 nariam
893 2627 1231 2676 forisfacturam
1300 2628 1380 2676 Ita
1413 2634 1577 2677 tamen
1611 2630 1739 2690 quod
1761 2626 1797 2675 fi
1821 2629 1991 2690 aliquis
2023 2629 2216 2690 aliquod
2236 2630 2319 2692 jus
2347 2632 2398 2678 in
2421 2632 2489 2678 eis
2513 2631 2608 2679 cla-

679 2722 882 2767 maverit
926 2718 1031 2782 post
1069 2719 1353 2767 solutionem
1399 2720 1564 2781 auxilij
1606 2721 1650 2767 ei
1694 2721 1876 2767 reRum
1929 2721 2042 2768 inde
2086 2726 2312 2769 teneatur
2390 2719 2607 2770 Testibus

679 2810 888 2874 Hugone
905 2810 1188 2858 cancellario
1211 2826 1319 2858 meo
1337 2792 1395 2864 ἆ)
1417 2811 1516 2859 filio
1540 2812 1728 2859 comitis
1752 2811 2006 2860 Dunecani
2073 2811 2222 2874 Apud
2247 2812 2426 2861 Forfar.

679 2994 822 3040 Carta
846 2992 1085 3040 Willelmi
1108 2993 1256 3056 Regis
1279 2994 1340 3041 de
1363 2993 1633 3042 Cumlawes
1656 3000 1707 3042 et
1730 2994 2043 3042 Cumherbes.

588 3166 647 3211 36
682 3158 767 3220 W
787 3200 797 3210 -
821 3174 928 3221 Rex
965 3173 1102 3221 scoti
1136 3174 1307 3236 offiib3
1339 3175 1455 3236 pbis
1477 3176 1618 3236 hoib3
1651 3177 1773 3223 toti9
1795 3175 1964 3224 scocie
1986 3202 1997 3213 -
2020 3173 2092 3223 sas
2113 3202 2124 3212 -
2146 3177 2330 3231 mando
2352 3184 2386 3222 z
2406 3176 2607 3223 firmiter

680 3252 838 3325 Bcipio
861 3290 870 3300 ·
894 3271 948 3311 ut
972 3266 1021 3311 in
1045 3267 1255 3327 cui9cs1<b
1277 3264 1486 3313 uestrum
1513 3272 1641 3314 terra
1673 3273 1758 3313 aut
1791 3264 2030 3328 potestate
2064 3265 2232 3315 Abbas
2266 3267 2326 3314 de
2361 3264 2488 3313 Scon
2522 3272 2606 3313 aut
