2982 4016
427 554 544 590 nne.
565 554 715 588 ALEx.
742 555 796 588 11.
979 541 1028 589 S.
1064 539 1462 589 TRINITATIS
1496 538 1590 587 DE
1626 537 1820 587 SCON.
2315 544 2378 591 47

433 673 592 736 camsy
613 673 743 721 secet
765 679 851 721 aut
883 678 1087 720 venetur
1119 672 1259 735 super
1288 670 1500 720 nostram
1533 671 1797 734 plenariam
1830 668 2174 718 forisfacturam
2208 670 2377 718 decem

434 764 663 813 librarum
715 763 935 812 Testibus
960 764 1228 812 Laurencio
1253 765 1313 812 de
1335 763 1546 812 Abernit
1570 763 1793 811 Waltero
1817 760 1951 809 Biset
1972 770 2066 809 *tet

428 946 742 995 Confirmatio
758 947 1028 996 Alexandri
1043 946 1190 1010 Regis
1206 947 1267 995 de
1279 943 1625 994 sustentatione
1641 946 1844 993 duorum
1859 961 2107 994 cereorum
2121 946 2173 992 in
2186 945 2397 994 ecclefia.

334 1132 397 1179 77
430 1114 729 1179 Alexander
753 1130 848 1178 Dei
870 1130 1026 1194 gratia
1049 1130 1159 1177 Rex
1183 1128 1347 1177 Scotie
1372 1129 1593 1176 omnibus
1610 1128 1770 1191 probis
1787 1128 2061 1177 hominibus
2079 1130 2231 1177 totius
2249 1136 2377 1178 terre

428 1222 512 1270 sue
534 1221 739 1270 salutem
807 1206 982 1269 Sciatis
1004 1237 1092 1268 nos
1127 1218 1303 1268 dedisse
1338 1218 1607 1268 conceflifi'e
1641 1226 1693 1267 et
1725 1221 1816 1268 1130
1851 1226 1983 1268 carta
2015 1218 2175 1268 nostra
2208 1223 2377 1269 confir-

430 1311 573 1361 mass'e
596 1313 704 1361 Deo
727 1319 780 1361 et
801 1311 991 1361 sacriste
1015 1313 1076 1360 de
1099 1312 1260 1360 800113
1282 1312 1343 1360 3(1
1369 1309 1770 1358 sustentationem
1805 1311 2009 1358 duorum
2044 1328 2291 1360 cereorum
2325 1315 2377 1361 in

428 1407 598 1453 eadem
621 1403 820 1453 ecclefia
846 1407 898 1452 in
920 1410 1210 1467 perpetuum
1232 1409 1385 1451 terras
1417 1401 1702 1463 subscriptas
1726 1417 1820 1463 que
1844 1403 2041 1450 fuerunt
2075 1403 2281 1452 Galfridi
2316 1407 2377 1453 de

428 1496 715 1544 liberatione
751 1496 914 1544 cleriei
949 1493 1097 1543 nostri
1132 1510 1250 1557 quas
1284 1495 1432 1542 etiam
1466 1493 1679 1555 predicte
1714 1491 1901 1541 sacriste
1937 1493 2163 1543 conceffit
2196 1494 2377 1545 scilicet

430 1593 581 1634 terras
604 1601 722 1648 quas
746 1587 792 1634 ei
811 1586 1096 1634 dederamus
1118 1587 1170 1633 in
1194 1585 1320 1633 villis
1343 1585 1404 1633 de
1428 1584 1730 1633 Clakmanan
1759 1585 1819 1632 de
1843 1583 1971 1632 80οᾖ
1995 1586 2056 1634 de
2079 1585 2378 1652 Dunkeldyn

429 1684 480 1725 et
521 1679 580 1725 de
622 1677 856 1726 Invernes
891 1678 959 1725 Et
991 1683 1214 1741 preterea
1246 1692 1395 1725 unam
1428 1682 1616 1739 petram
1651 1693 1759 1724 cere
1792 1678 2148 1740 percipiendam
2182 1677 2379 1744 fingulis

426 1770 565 1817 annis
589 1769 649 1816 de
675 1770 818 1816 domo
849 1785 943 1831 que
966 1770 1060 1816 fuit
1095 1769 1299 1817 Roberti
1334 1769 1395 1816 de
1430 1768 1636 1815 London
1662 1768 1829 1816 ⁴fratris
1863 1767 2011 1817 nostri
2045 1771 2095 1817 in
2130 1772 2283 1835 burgo
2318 1775 2378 1824 de

428 1859 662 1907 Aberdon
679 1875 824 1922 quam
842 1858 1062 1908 fimiliter
1079 1861 1238 1908 eidem
1263 1859 1483 1908 Galfrido
1508 1859 1683 1908 clerico
1700 1858 1862 1907 nostro
1879 1862 1939 1908 ad
1957 1862 2048 1910 hoc
2067 1861 2378 1912 conceffimus

427 1951 641 1999 Tenend.
666 1957 717 2000 et
738 1952 946 2000 habend.
972 1952 1033 2000 ad
1058 1949 1456 2000 sustentationem
1488 1952 1810 2014 predictorum
1833 1966 2079 2000 cereorum
2103 1955 2153 2001 in
2177 1954 2378 2004 liberam

428 2059 598 2106 puram
621 2050 673 2092 et
696 2050 981 2107 perpetuam
1006 2041 1315 2092 elemofinam
1338 2044 1408 2091 ita
1430 2043 1581 2090 libere
1605 2049 1656 2091 et
1679 2045 1844 2105 quiete
1867 2042 1988 2092 ficut
2011 2045 2171 2108 aliqua
2198 2048 2378 2096 elemo-

428 2133 530 2183 fina
551 2136 602 2183 in
624 2151 773 2199 regno
796 2135 956 2183 nostro
980 2136 1175 2184 liberius
1199 2140 1284 2183 aut
1308 2135 1519 2197 quietius
1555 2132 1818 2197 poffidetur
1882 2134 2100 2187 Testibus
2123 2138 2377 2189 Willelmo

430 2225 649 2289 episcopo
672 2225 939 2290 glasguenfi
963 2227 1250 2275 cancellario
1275 2226 1492 2274 Roberto
1516 2226 1763 2289 capellano
1787 2225 1947 2275 nostro
1970 2227 2194 2293 magistro
2218 2231 2378 2280 David

431 2319 491 2366 de
526 2318 770 2367 Bernham
810 2320 1070 2367 camerario
1111 2317 1334 2383 magistro
1371 2318 1456 2365 W.
1491 2319 1552 2367 de
1587 2317 1845 2383 Lyndifl'ey
1883 2319 2066 2369 decano
2104 2322 2371 2386 glasguensi

429 2409 614 2458 Thema
646 2410 745 2457 filio
787 2410 1034 2473 Ranulphi
1070 2410 1354 2459 Alexandro
1390 2411 1450 2459 de
1488 2410 1734 2474 Strivelyn
1772 2411 2025 2460 Willelmo
2064 2414 2124 2461 de
2165 2414 2376 2464 Hauden

429 2501 580 2564 Apud
605 2501 790 2549 Melros
822 2499 1046 2550 vicefimo
1076 2507 1248 2564 quarto
1283 2502 1361 2549 die
1397 2501 1644 2550 Februarii
1680 2518 1806 2550 anno
1840 2505 1977 2566 regni
2011 2505 2193 2554 domini
2228 2506 2377 2571 Regis

430 2591 653 2641 vicefimo
675 2593 897 2642 seeundo.
2372 2580 2376 2581 ⁷

431 2775 744 2824 Confirmatio
778 2776 1049 2826 Alexandri
1083 2776 1233 2840 Regis
1268 2775 1578 2826 conceffionis
1603 2778 1815 2828 Walteri
1849 2780 1935 2827 filii
1970 2779 2118 2829 Alani
2154 2782 2214 2829 de
2248 2788 2375 2829 terra

433 2881 578 2927 quam
602 2865 804 2915 Swanus
828 2868 956 2916 filius
980 2868 1127 2915 Thori
1152 2869 1282 2917 fecit.

338 3051 400 3099 78
435 3030 739 3098 Alexander
762 3048 857 3097 Dei
884 3051 1040 3113 gratia
1062 3050 1172 3103 Rex
1196 3050 1476 3099 Scottorum
1499 3052 1721 3100 omnibus
1743 3054 1904 3115 probis
1927 3053 2199 3101 hominibus
2222 3056 2373 3103 totius

435 3148 561 3189 terre
583 3139 667 3209 sue
690 3140 876 3188 clericis
911 3147 963 3188 et
995 3140 1130 3189 laicis
1153 3140 1357 3190 salutem
1425 3141 1593 3191 Sciant
1625 3142 1871 3205 presentes
1894 3149 1945 3191 et
1966 3144 2118 3192 futuri
2151 3148 2230 3193 me
2263 3162 2374 3193 con-

433 3229 607 3281 ceffifl'e
631 3237 682 3279 et
704 3231 794 3279 1130
817 3237 950 3280 carta
971 3246 1081 3280 mea
1103 3230 1395 3281 confirmasse
1426 3231 1774 3282 conceffionem
1796 3234 1930 3283 illam
1954 3251 2098 3298 quam
2122 3235 2373 3286 Walterus

431 3324 558 3371 filius
576 3322 726 3371 Alani
749 3323 865 3371 fecit
884 3322 992 3371 Deo
1011 3328 1062 3371 et
1079 3320 1278 3372 ecclefie
1302 3323 1478 3372 8311ἃο
1504 3324 1753 3373 Trinitatis
1777 3331 1827 3374 et
1851 3325 2014 3374 83ηὸὶί
2034 3326 2291 3376 Michaelis
2315 3331 2374 3378 de
