2982 4016
635 536 696 579 84
1312 519 1518 569 LIBER
1555 516 1884 566 ECCLESIE
2321 529 2422 564 suc.
2448 530 2565 563 xm.

635 663 758 710 terio
781 661 859 722 pia
891 664 942 706 et
975 657 1169 719 provida
1201 653 1491 701 liberalitate
1526 646 1752 697 conceflit
1785 653 1929 710 prout
1960 648 2011 694 in
2034 645 2353 695 instrumento
2375 649 2570 710 publico

637 751 777 814 super
798 751 888 797 hoc
911 748 1125 795 confe8m
1148 745 1335 807 plenius
1358 743 1631 789 continetur
1715 738 1822 786 Nos
1845 740 2009 799 itaque
2032 735 2200 785 vestris
2216 735 2571 800 supplicationi-

638 845 727 891 bus
763 841 977 889 inclinati
1015 837 1139 898 quod
1175 851 1259 897 per
1293 834 1498 881 eundem
1533 831 1808 878 Johannem
1846 827 1986 891 super
2021 829 2114 876 hoc
2157 829 2356 890 provide
2392 830 2571 877 fastum

631 931 711 982 ‘est
746 932 924 979 Ratum
960 929 1190 975 habentes
1226 931 1277 972 et
1312 930 1502 987 gratum
1540 923 1588 969 id
1625 921 1912 969 auctoritate
1947 917 2205 981 apostolica
2236 920 2574 967 confirmamus

641 1030 691 1071 et
713 1020 940 1084 presentis
963 1017 1122 1079 scripti
1156 1015 1420 1078 patrocinio
1456 1014 1809 1061 communimus
1831 1011 2069 1058 Tenorem
2091 1006 2235 1072 ipfius
2259 1007 2573 1058 Instrumenti

642 1115 701 1161 de
724 1112 866 1159 verbo
889 1110 948 1156 ad
972 1109 1168 1155 verbum
1194 1105 1492 1168 presentibus
1515 1104 1691 1150 litteris
1714 1100 1855 1150 inseri
1879 1102 2111 1149 facientes
2134 1101 2217 1162 qui
2241 1100 2352 1148 talis
2375 1100 2446 1148 est
2513 1100 2573 1148 In

642 1203 832 1251 nomine
866 1200 1044 1246 domini
1076 1213 1217 1245 amen
1248 1195 1396 1243 Anno
1431 1195 1610 1241 domini
1645 1192 1782 1242 (0000ο
1818 1191 2164 1256 septuagesimo
2189 1195 2240 1238 2⁰
2307 1192 2576 1241 Indiffione

642 1291 995 1356 quintadecima
1028 1287 1232 1336 secundo
1263 1287 1315 1333 kl
1352 1314 1362 1323 ·
1397 1283 1606 1348 Augusti
1641 1284 1949 1346 pontificatus
1984 1284 2165 1331 domini
2198 1284 2419 1347 Gregorii
2454 1299 2577 1346 pape

641 1384 813 1431 decimi
846 1397 970 1429 anno
1004 1381 1155 1442 primo
1191 1378 1431 1426 Noverint
1465 1373 1669 1423 universi
1693 1376 1917 1438 paginam
1951 1372 2208 1437 inspe&uri
2242 1376 2370 1437 quod
2397 1376 2448 1422 in
2470 1390 2575 1437 pre-

640 1475 793 1523 sentia
814 1474 910 1520 mei
935 1472 1130 1518 Berardi
1165 1470 1338 1517 notarii
1373 1466 1658 1529 infrascripti
1693 1473 1743 1514 et
1778 1464 1973 1513 testium
1996 1464 2367 1529 subscriptorum
2401 1468 2462 1515 ad
2484 1468 2575 1515 hoc

643 1565 908 1629 specialiter
932 1569 1205 1610 vocatorum
1230 1567 1279 1608 01,
1302 1566 1575 1623 rogatorum
1598 1558 1630 1605 J
1633 1559 1845 1606 ohannes
1868 1556 2014 1606 fraser
2036 1558 2096 1606 de
2119 1558 2342 1621 Glewym
2372 1559 2575 1606 clericus

644 1653 944 1718 Glasguenfis
969 1650 1162 1700 diocesis
1197 1652 1391 1698 donavit
1426 1651 1558 1697 dedit
1593 1655 1643 1697 et
1679 1646 1906 1697 conceffit
1939 1649 2031 1697 Jus
2064 1655 2347 1712 patronatus
2379 1648 2577 1699 ecclefie

643 1749 702 1794 de
726 1746 930 1794 Glewim
965 1742 1174 1805 ejusdem
1209 1739 1403 1790 diocesis
1439 1748 1489 1789 et
1524 1742 1749 1803 quicquid
1775 1741 1899 1803 juris
1933 1741 2211 1803 temporalis
2248 1747 2299 1789 01,
2320 1740 2577 1804 spiritualis

641 1836 738 1899 ipse
778 1843 828 1885 et
867 1836 967 1897 ejus
1011 1833 1354 1896 predecessores
1397 1834 1570 1894 quibus
1615 1834 1667 1879 in
1708 1833 1798 1880 hac
1843 1838 1982 1894 parte
2021 1830 2239 1880 succeflit
2279 1834 2578 1881 obtinuerint

642 1937 692 1976 et
724 1928 977 1976 habuerint
1012 1933 1061 1973 et
1095 1925 1192 1987 ipse
1227 1927 1372 1973 habet
1408 1931 1458 1972 et
1493 1926 1682 1972 obtinet
1717 1939 1828 1971 cum
1866 1925 2088 1972 omnibus
2120 1925 2310 1986 juribus
2346 1931 2396 1972 et
2430 1927 2578 1987 perti-

643 2021 817 2067 nentiis
857 2017 950 2065 suis
998 2015 1247 2080 Religiofis
1292 2019 1404 2063 viris
1452 2017 1662 2063 Domino
1710 2015 1950 2064 Nicholao
1989 2015 2175 2064 Abbati
2221 2023 2272 2064 et
2317 2018 2577 2064 conventui

642 2108 906 2159 <nonasterii
930 2107 1088 2156 1111ιᾶ0
1125 2108 1379 2156 Michaelis
1414 2109 1473 2154 de
1511 2107 1670 2155 Scona
1704 2107 1882 2154 ordinis
1916 2106 2065 2155 sanffl
2099 2105 2359 2170 Augustini
2394 2108 2580 2156 8011611-

644 2203 816 2249 andree
851 2197 1045 2248 diocefis
1079 2201 1271 2246 nomine
1305 2198 1449 2261 ipfius
1483 2195 1757 2245 monasterii
1791 2205 1843 2244 et
1877 2199 2035 2245 eidem
2068 2197 2355 2246 monasterio
2379 2197 2465 2247 sub
2487 2200 2578 2247 hac

646 2291 947 2353 simplicitate
981 2289 1233 2338 verborum
1302 2290 1405 2353 Ego
1439 2290 1472 2337 J
1475 2290 1688 2337 ohannes
1723 2287 1870 2337 fraser
1892 2291 1952 2337 de
1985 2290 2191 2353 glewym
2226 2291 2427 2339 clericus
2459 2290 2580 2354 glas-

645 2379 831 2446 guenfis
855 2380 1048 2429 diocesis
1084 2383 1341 2430 incendens
1375 2388 1426 2429 et
1459 2381 1686 2429 0110010115
1720 2383 1770 2428 in
1804 2382 2148 2444 temporalibus
2183 2390 2234 2430 et
2256 2381 2579 2445 spiritualibus

648 2491 739 2536 que
767 2475 959 2521 obtineo
983 2480 1033 2521 et
1057 2475 1273 2521 obtinere
1301 2475 1452 2521 debeo
1487 2479 1537 2520 et
1572 2473 1633 2520 ad
1667 2487 1747 2537 me
1781 2474 2027 2534 pertinent
2050 2479 2102 2521 et
2125 2475 2367 2536 pertinere
2389 2472 2579 2537 pofl'unt

649 2572 749 2612 tam
783 2566 966 2612 ratione
999 2563 1195 2626 persone
1227 2580 1335 2612 mee
1369 2581 1511 2626 quam
1545 2565 1730 2612 ratione
1764 2563 1958 2611 illorum
1985 2561 2329 2612 antecessorum
2362 2581 2580 2613 meorum

649 2656 819 2716 quibus
859 2653 1048 2703 succeffi
1095 2661 1145 2702 et
1183 2653 1434 2703 succedere
1481 2656 1633 2702 debeo
1679 2657 1730 2702 in
1774 2655 1864 2703 hac
1907 2661 2045 2718 parte
2088 2657 2139 2702 in
2179 2654 2394 2703 Ecclesia
2432 2655 2579 2704 sanai

648 2746 902 2794 Cuthberti
937 2748 996 2794 de
1031 2746 1268 2809 glenwym
1302 2744 1543 2793 Christum
1574 2747 1722 2794 michi
1750 2747 1978 2794 heredem
2000 2744 2286 2794 substituere
2319 2748 2466 2795 etiam
2500 2763 2579 2795 me

647 2838 839 2884 vivente
874 2837 906 2884 J
909 2852 964 2883 us
1003 2842 1282 2898 patronatus
1322 2843 1372 2884 et
1412 2838 1635 2899 quicquid
1673 2838 1796 2900 juris
1835 2838 1934 2885 mei
1974 2843 2074 2902 tam
2114 2838 2391 2900 temporalis
2436 2855 2579 2901 quam

647 2925 899 2988 spiritualis
933 2924 1025 2974 effe
1059 2925 1214 2989 potest
1246 2934 1302 2975 ut
1326 2926 1536 2990 superius
1572 2925 1641 2975 est
1664 2925 1931 2990 expressum
1964 2929 2090 2976 dono
2119 2935 2171 2976 et
2193 2930 2405 2977 concedo
2430 2930 2581 2978 libere

650 3023 699 3063 et
737 3017 1003 3065 voluntarie
1043 3015 1294 3081 Religiofis
1334 3019 1445 3065 viris
1483 3019 1677 3066 domino
1718 3019 1958 3067 Nicholao
1997 3019 2183 3068 Abbati
2228 3026 2280 3068 01,
2319 3023 2580 3068 conventui

650 3106 917 3155 monasterii
961 3106 1352 3156 fimfflmichaelis
1398 3110 1458 3156 de
1504 3108 1662 3157 Scona
1706 3111 1885 3158 ordinis
1929 3108 2076 3159 111Πᾶ1
2128 3110 2389 3175 Augustini
2434 3110 2578 3160 sanffi

654 3196 847 3244 Andree
880 3196 1074 3246 diocesis
1108 3201 1301 3247 nomine
1335 3198 1480 3262 ipfius
1512 3198 1786 3248 monasterii
1820 3207 1872 3248 et
1905 3202 2064 3249 eidem
2099 3200 2385 3250 monasterio
2421 3203 2472 3249 in
2508 3219 2580 3250 re-

652 3287 862 3335 medium
885 3295 1189 3350 peccatorum
1211 3306 1427 3338 meorum
1451 3297 1502 3339 01,
1524 3291 1715 3339 illorum
1741 3292 1913 3354 quibus
1935 3293 1985 3340 in
2008 3294 2234 3355 prediffls
2255 3290 2455 3342 succeffi
2471 3309 2580 3342 meo
