3002 4030
664 495 755 538 150
1339 489 1546 537 LIBER
1580 488 1907 537 ECCLESIE
2350 503 2449 536 suc.
2476 503 2582 536 xw.

661 628 896 682 quatenus
929 622 989 669 ad
1023 636 1110 668 nos
1142 619 1321 682 speaat
1348 626 1546 667 eatenus
1579 618 1868 666 adminiculo
1902 618 2074 665 fovere
2100 615 2301 679 possibili
2336 621 2584 681 cupientes

661 711 943 772 prelibatum
977 707 1223 759 eccleflam
1247 709 1410 757 Sanffl
1439 708 1598 771 Egidii
1631 723 1742 755 cum
1776 708 1997 755 omnibus
2019 714 2070 755 et
2093 704 2286 770 fingulis
2318 710 2582 757 redditibus

660 804 798 849 terris
837 799 1185 864 poffeffionibus
1224 799 1534 862 proventibus
1572 799 1802 846 fruffibus
1839 798 2207 846 obventionibus
2243 799 2439 847 decimis
2483 816 2582 847 ma-

653 892 835 953 j0ribus
868 899 919 939 et
952 891 1211 938 minoribus
1243 890 1277 937 J
1278 890 1442 937 uribus
1476 895 1527 936 et
1560 890 1861 950 pertinentiis
1894 886 2122 936 univerfis
2155 887 2363 951 ejusdem
2395 891 2580 952 prefato

659 980 942 1030 monasterio
965 983 1025 1029 de
1048 980 1205 1029 Scona
1226 987 1277 1028 et
1311 981 1550 1028 canonicis
1579 979 1757 1027 ibidem
1791 980 1883 1026 deo
1915 978 2230 1027 servientibus
2264 986 2315 1027 et
2349 982 2582 1043 imperpe-

660 1079 799 1119 tuum
832 1070 1072 1119 servituris
1106 1071 1514 1133 contemplatione
1549 1070 1628 1117 dei
1667 1077 1719 1117 et
1757 1068 1914 1117 saneto
1948 1067 2144 1118 ecclefie
2177 1070 2238 1118 de
2271 1069 2497 1118 consensu
2530 1078 2581 1119 et

659 1159 838 1209 afl'ensu
875 1162 1071 1224 capituli
1108 1159 1252 1209 nostri
1287 1160 1628 1209 Sanctiandree
1661 1167 1856 1222 propter
1888 1161 1976 1208 hoc
2010 1159 2277 1222 specialiter
2307 1164 2580 1224 congregati

659 1254 992 1314 conjunximus
1030 1253 1313 1300 anneximus
1347 1259 1397 1299 et
1430 1252 1671 1298 univimus
1703 1266 1759 1298 ac
1792 1257 1960 1298 tenore
1994 1250 2225 1313 presentis
2258 1259 2388 1299 carte
2426 1249 2583 1300 nostre

659 1344 989 1406 conjungimus
1022 1343 1317 1390 annectimus
1340 1348 1391 1389 et
1414 1343 1604 1389 unimus
1640 1341 1875 1403 Itoquod
1893 1340 1929 1388 fi
1964 1348 2014 1389 et
2048 1358 2158 1389 cum
2193 1345 2449 1406 contigerit
2483 1343 2582 1390 Do-

660 1436 843 1481 minum
880 1434 1117 1482 Jacobum
1158 1433 1357 1496 Lyoune
1395 1449 1524 1480 nunc
1558 1433 1785 1480 vicarium
1821 1433 1945 1480 diae
1981 1431 2178 1480 ecclesie
2197 1433 2380 1482 ’81111ἃί
2422 1435 2579 1498 Egidii

661 1526 816 1572 eidem
839 1526 1007 1572 cedere
1040 1525 1117 1571 vel
1152 1525 1213 1571 ab
1249 1540 1306 1571 ea
1339 1524 1568 1571 decedere
1602 1530 1719 1570 tunc
1755 1523 1895 1570 cedat
1918 1522 2016 1585 ipfiz
2049 1521 2246 1573 'ecclefia
2268 1526 2319 1572 in
2342 1523 2452 1573 usus
2474 1542 2580 1588 pro-

659 1616 785 1676 prios
809 1614 1030 1677 sepedicti
1053 1611 1324 1662 monasterii
1348 1620 1398 1661 et
1422 1615 1756 1662 canonicorum
1790 1614 1850 1660 ad
1883 1615 2108 1665 fabricam
2143 1613 2339 1664 ecclefie
2370 1616 2580 1679 ejusdem

659 1706 993 1766 perficiendam
1030 1703 1383 1752 restaurandam
1418 1711 1470 1751 et
1502 1707 1855 1765 imperpetuum
1890 1701 2243 1753 sustentandam
2279 1707 2398 1754 adeo
2433 1708 2579 1755 libere

659 1804 709 1843 et
732 1798 894 1857 quiete
918 1795 1197 1843 durabiliter
1217 1796 1405 1857 integre
1428 1801 1478 1841 et
1500 1794 1696 1856 pacifice
1729 1795 1778 1840 in
1813 1795 2033 1842 omnibus
2067 1802 2118 1842 et
2150 1811 2236 1858 per
2265 1798 2425 1845 omnia
2458 1796 2579 1846 ficut

659 1887 839 1947 Aliqua
872 1882 1066 1933 ecclesia
1099 1886 1223 1932 infra
1255 1883 1577 1946 episcopatum
1611 1881 1823 1931 nostrum
1858 1884 2051 1932 liberius
2079 1887 2287 1946 quietius
2321 1889 2581 1936 durabilius

657 1978 888 2039 integrius
921 1983 972 2023 et
1006 1975 1332 2038 pacificentius
1362 1971 1620 2036 poffidetur
1651 1973 1733 2021 seu
1766 1971 1996 2036 poffidere
2025 1976 2170 2024 fuerit
2201 1976 2480 2026 consuetum
2514 1979 2579 2027 Et

659 2068 785 2128 quod
824 2068 993 2114 eodem
1027 2065 1134 2113 casu
1175 2066 1316 2113 liceat
1356 2063 1530 2112 eisdem
1570 2066 1809 2113 canonicis
1847 2081 1932 2127 per
1963 2065 2012 2113 se
2046 2067 2123 2114 vel
2162 2068 2308 2115 alium
2349 2067 2582 2131 pofl'effio-

660 2172 771 2203 nem
807 2152 1004 2203 ecclefie
1040 2161 1304 2202 memorate
1338 2156 1515 2202 intrare
1546 2163 1597 2202 et
1628 2172 1734 2204 eam
1769 2163 1935 2204 tenere
1965 2155 2048 2204 sua
2082 2161 2268 2220 propria
2297 2162 2580 2209 anaoritate

659 2263 769 2295 cum
792 2247 1012 2294 omnibus
1026 2247 1214 2307 juribus
1238 2253 1289 2293 et
1310 2249 1613 2308 pertinentiis
1635 2245 1756 2294 ficut
1777 2245 1990 2308 superius
2014 2245 2084 2294 est
2111 2246 2377 2310 exprefl'um
2401 2277 2413 2288 ·
2438 2251 2582 2300 Salva

659 2335 883 2399 penfione
905 2344 1136 2399 perpetua
1158 2337 1471 2399 quadraginta
1492 2339 1703 2399 quinque
1726 2353 1990 2384 mercarum
2013 2345 2208 2386 monete
2226 2339 2389 2388 Scotie
2406 2340 2579 2390 usualis

659 2429 833 2476 vicario
855 2428 979 2474 di&e
1002 2424 1196 2474 ecclefie
1226 2429 1307 2488 qui
1337 2404 1423 2489 prb
1457 2434 1672 2490 tempore
1705 2428 1850 2475 fuerit
1886 2426 1991 2490 post
2024 2427 2198 2476 cessum
2233 2431 2309 2478 vel
2345 2431 2581 2480 decefl'um

660 2520 771 2566 diai
795 2519 974 2565 domini
996 2517 1027 2564 J
1030 2518 1164 2565 acobi
1188 2519 1248 2565 de
1270 2518 1536 2565 redditibus
1559 2517 1768 2579 ejusdem
1792 2515 1987 2566 ecclefie
2009 2534 2094 2581 pro
2127 2518 2211 2567 sua
2238 2519 2579 2571 sustentatione

659 2609 899 2657 reddenda
921 2615 971 2655 et
994 2624 1079 2670 per
1112 2609 1318 2655 eundem
1341 2610 1568 2656 vicarium
1593 2609 1729 2656 annis
1751 2606 1946 2671 fingulis
1979 2611 2271 2671 acceptanda
2303 2611 2370 2659 Et
2389 2613 2578 2673 juribus

660 2680 1002 2761 episcopalibus
1024 2704 1076 2746 et
1093 2699 1570 2746 Archidiaconalibus
1593 2715 1679 2761 per
1695 2700 1873 2746 di&um
1889 2698 2138 2747 Vicarium
2156 2701 2215 2748 de
2237 2700 2336 2762 ipsa
2356 2700 2579 2764 penfione

659 2791 907 2837 annuatim
927 2788 1163 2836 solvendis
1193 2787 1251 2836 In
1284 2790 1419 2851 cujus
1440 2791 1509 2836 rei
1531 2787 1856 2836 testimonium
1891 2789 2114 2852 Sigillum
2146 2790 2360 2839 nostrum
2393 2794 2582 2842 Auten-

659 2884 809 2930 ticum
843 2888 895 2929 et
928 2881 1151 2943 Sigillum
1174 2896 1428 2928 commune
1464 2881 1576 2927 dieti
1610 2881 1808 2942 capituli
1841 2878 1986 2928 nostri
2019 2881 2225 2943 presenti
2259 2891 2390 2931 carte
2423 2883 2580 2932 nostre

661 2972 770 3019 sunt
792 2970 997 3035 appensa
1026 2971 1174 3033 Apud
1209 2971 1664 3019 Sanctumandream
1688 2973 1833 3018 tertio
1856 2972 1934 3019 die
1956 2969 2127 3019 menfis
2161 2973 2283 3021 Maii
2317 2974 2464 3022 Anno
2498 2977 2579 3022 do·

662 3064 778 3110 mini
801 3060 1051 3113 millefimo
1076 3066 1204 3110 ccc¹¹¹⁰
1226 3059 1530 3125 nonogefimo
1553 3063 1722 3123 quinto
1744 3087 1755 3100 ·
