2982 4016
454 527 571 561 ΒΕΘ.
596 527 745 562 ALEX.
772 528 826 560 11.
999 514 1048 560 S.
1085 515 1482 564 TRINITATIS
1516 516 1610 566 DE
1646 517 1840 566 SOON.
2335 530 2391 576 71

455 645 604 693 ecciie
622 646 740 706 ἰΡόᾙ
759 661 852 706 que
870 646 930 693 ad
948 647 1104 694 forum
1124 645 1447 696 eccliasticum
1461 651 1702 712 pertinere
1720 649 1981 699 noscuntur
1999 678 2010 689 ·
2030 653 2090 699 ad
2108 652 2394 715 responden-

450 737 566 783 dum
602 736 683 783 uel
714 737 1002 800 litigandum
1038 740 1088 785 in
1128 740 1260 787 curia
1293 738 1493 788 seculari
1530 748 1698 790 contra
1733 743 1824 789 fori
1861 741 2044 790 clicalis
2082 742 2390 808 priuilegium

448 826 746 888 Aliquaten9
779 829 954 890 copelli
978 831 1042 876 no
1076 827 1251 891 poffint
1273 855 1284 866 ·
1310 829 1547 886 Quocirca
1569 832 1840 881 discretioni
1870 833 1961 882 ure
1983 851 2015 898 p
2039 835 2195 897 apiica
2218 835 2392 899 scripta

447 919 702 966 mandam9
725 926 962 981 quatenus
997 923 1062 967 n6
1085 923 1377 983 permittatis
1402 923 1552 970 dictos
1575 923 1823 972 Abbatem
1845 934 1879 972 *b
1902 932 2199 974 conuentum
2224 934 2392 977 contra

449 1008 758 1058 conceffionis
781 1012 868 1059 nfe
892 1018 1112 1060 tenorem
1135 1011 1275 1074 super
1297 1013 1388 1060 hiis
1417 1015 1478 1062 ab
1502 1016 1707 1078 aliquibq,
1729 1017 1945 1065 indebite
1968 1016 2208 1067 molestari
2234 1046 2245 1057 ·
2270 1020 2390 1067 mol-

447 1099 676 1150 estatores
710 1103 953 1150 hui9modi
981 1120 1067 1165 per
1090 1103 1335 1152 censuram
1365 1105 1684 1154 eociiastieam
1719 1107 1945 1170 appflone
1978 1107 2237 1172 postpofita
2259 1127 2388 1158 com-

445 1192 681 1254 pescendo
704 1220 715 1231 ·
741 1193 859 1241 Non
893 1192 1114 1241 obstante
1136 1191 1172 1240 fi
1195 1195 1400 1257 aliquibq,
1423 1213 1452 1244 a
1472 1195 1582 1245 sede
1616 1198 1771 1260 aplica
1803 1196 1862 1245 fit
1896 1200 2140 1247 indultum
2166 1228 2177 1239 ·
2202 1200 2269 1263 qd
2304 1218 2387 1251 ex-

444 1286 787 1332 communicari
820 1284 1041 1347 suspendi
1066 1286 1155 1333 'uel
1185 1288 1409 1337 interdici
1443 1304 1541 1335 non
1575 1286 1750 1350 poflint
1782 1305 1869 1351 per
1902 1271 2045 1339 lit‘Pas
2080 1293 2258 1354 aplicas
2292 1310 2390 1341 non

442 1378 674 1425 facientes
708 1379 902 1440 plenam
924 1387 958 1424 *t
981 1376 1243 1440 expressam
1278 1395 1333 1427 ac
1358 1381 1418 1427 de
1453 1380 1602 1426 uerbo
1626 1381 1687 1427 ad
1709 1382 1913 1428 uerbum
1949 1382 2008 1428 de
2032 1384 2222 1431 indulto
2250 1385 2383 1432 hui9-

440 1470 572 1516 modi
589 1471 887 1517 mentionem
903 1496 914 1508 ·
930 1468 1030 1518 Dat
1047 1469 1259 1518 Laterafi
1272 1471 1322 1532 iij
1340 1470 1459 1517 Nofi
1474 1497 1486 1509 ·
1504 1470 1788 1523 Nouembrf
1802 1471 2122 1521 Pontificatus
2137 1473 2216 1522 nri
2235 1474 2382 1523 Anno

440 1560 708 1607 vndecimo.

439 1742 585 1791 Carta
607 1742 861 1791 Malcolmi
882 1747 1108 1806 pincerne
1132 1743 1281 1807 Regis
1304 1745 1364 1791 de
1388 1745 1572 1792 duabus
1595 1746 1841 1806 perticatis
1865 1752 2005 1793 terre.

313 1928 404 1975 106
443 1911 711 1976 Univerfis
733 1926 894 1975 sancte
927 1928 1096 1974 matris
1119 1923 1316 1974 ecclesie
1338 1926 1450 1973 filiis
1484 1926 1775 1981 malcolmus
1798 1928 2027 1989 pincerna
2049 1929 2230 1976 domini
2253 1932 2378 1994 regis

434 2018 638 2067 salutem
708 2019 882 2066 Sciatis
916 2034 995 2065 me
1027 2016 1202 2065 dedisse
1237 2023 1288 2065 et
1323 2015 1590 2065 conceffisse
1614 2023 1664 2065 et
1687 2019 1775 2065 hac
1799 2034 1908 2067 mea
1930 2028 2061 2067 carta
2084 2019 2375 2069 confirmasse

435 2111 544 2158 Deo
568 2117 618 2158 et
642 2107 839 2158 ecclefie
858 2110 1022 2158 Sancti
1040 2106 1294 2159 michaelis
1318 2110 1378 2156 de
1397 2109 1556 2157 Scona
1579 2115 1629 2157 et
1653 2110 1815 2157 abbati
1839 2116 1889 2157 et
1913 2113 2172 2158 conventui
2196 2113 2373 2160 ibidem

437 2202 544 2249 Deo
567 2201 883 2250 servientibus
918 2207 969 2248 et
1002 2199 1246 2248 servituris
1282 2201 1399 2247 duas
1433 2202 1690 2262 perticatas
1713 2207 1841 2248 terre
1863 2217 1972 2249 mee
2007 2218 2123 2263 quas
2146 2204 2299 2251 habeo
2322 2206 2374 2251 in

437 2293 587 2340 Perth
602 2295 651 2339 in
668 2292 955 2340 occidentali
972 2297 1108 2353 parte
1124 2289 1303 2339 castelli
1320 2290 1501 2338 scilicet
1516 2292 1621 2338 illas
1635 2293 1893 2354 perticatas
1912 2309 2005 2354 que
2027 2295 2246 2355 proxime
2262 2293 2375 2343 sunt

436 2391 564 2431 terre
583 2384 826 2430 Willelmi
851 2383 1023 2448 Vnyot
1073 2383 1286 2430 Tenend.
1311 2380 1399 2430 fibi
1423 2383 1483 2430 de
1506 2399 1584 2430 me
1609 2388 1659 2430 et
1683 2384 1937 2431 heredibus
1955 2386 2075 2432 meis
2099 2387 2149 2431 in
2173 2386 2373 2434 liberam

434 2491 603 2538 puram
622 2472 929 2522 elemosinam
987 2474 1098 2521 Hiis
1115 2472 1317 2522 testibus
1334 2474 1588 2521 Willelmo
1611 2473 1810 2536 persona
1833 2476 1892 2522 de
1912 2475 2121 2539 Lundyn
2139 2477 2374 2525 Duncano

434 2567 532 2614 filio
572 2582 682 2613 meo
729 2565 909 2613 Eweno
950 2567 1097 2612 fratre
1136 2565 1320 2612 Thome
1368 2566 1426 2612 de
1474 2564 1650 2628 Lundy
1690 2565 1913 2613 Waltero
1958 2565 2180 2615 hostiario
2228 2567 2373 2616 Petro

433 2659 627 2707 homine
652 2658 711 2704 de
736 2657 885 2705 Perth
909 2658 1092 2705 Thoma
1113 2657 1212 2705 filio
1238 2656 1343 2705 Na?
1370 2656 1624 2705 Clemente
1648 2658 1859 2720 dapifero
1883 2665 1934 2706 et
1956 2659 2122 2706 multis
2146 2660 2263 2707 aliis.
