3002 4030
688 492 778 536 182
1366 490 1574 538 LIBER
1609 488 1937 537 ECCLESIE
2411 506 2511 540 sac.
2529 506 2613 538 xv.

684 620 735 666 in
759 618 925 682 Goury
948 621 1072 668 infra
1093 621 1480 668 vicecomitatum
1518 620 1579 666 de
1614 618 1764 667 Perth
1787 635 1969 673 meram
1991 625 2043 668 et
2066 620 2263 669 liberam
2289 621 2614 685 Regalitatem

682 709 764 757 seu
786 710 1014 773 regaliam
1039 725 1156 771 quas
1179 717 1329 758 terras
1354 710 1414 757 de
1437 709 1717 772 Cragmalze
1740 724 1928 757 necnon
1951 725 2117 758 omnes
2151 717 2202 759 et
2235 707 2441 775 singulas
2463 718 2613 760 terras

683 799 965 862 prescriptas
999 802 1048 847 in
1086 815 1232 847 unam
1273 814 1455 847 meram
1490 806 1542 847 et
1577 800 1776 847 liberam
1810 816 1866 847 ac
1901 799 2156 862 specialem
2194 801 2494 864 regalitatem
2534 802 2615 850 seu

682 890 911 953 regaliam
935 890 1253 937 Anneflzimus
1276 890 1632 951 incorporamus
1656 895 1707 938 et
1729 891 1922 938 unimus
1948 906 2034 952 pro
2067 899 2301 953 perpetuo
2320 897 2490 940 tenore
2512 908 2618 954 pre-

685 980 832 1028 sentis
855 986 986 1028 carte
1007 979 1260 1029 Tenendas
1294 986 1346 1027 et
1377 981 1621 1028 habendas
1655 981 1806 1027 dietas
1840 987 1991 1028 terras
2024 982 2087 1029 de
2119 980 2398 1045 Cragmalze
2430 997 2617 1031 necnon

683 1086 849 1118 omnes
871 1076 923 1117 et
945 1067 1151 1132 fingulas
1174 1076 1325 1117 terras
1359 1069 1641 1132 prescriptae
1664 1086 1776 1118 cum
1798 1070 2028 1119 universis
2051 1078 2103 1119 et
2126 1070 2321 1134 singulis
2344 1075 2545 1121 annexis
2567 1081 2618 1121 et

683 1161 988 1222 pertinentiis
1010 1161 1271 1208 earundem
1294 1161 1673 1222 quibuscumque
1697 1162 1822 1208 dieto
1845 1159 2130 1209 monasterio
2152 1178 2208 1210 ac
2225 1162 2410 1211 Abbati
2433 1170 2485 1211 et
2507 1180 2619 1213 con-

684 1252 851 1298 ventui
875 1249 1086 1312 ejusdem
1110 1256 1160 1299 et
1182 1267 1348 1298 eorum
1372 1248 1707 1299 successoribus
1740 1253 1790 1298 in
1824 1267 1970 1300 unam
2003 1267 2184 1300 meram
2218 1253 2421 1301 liberam
2444 1260 2495 1302 et
2516 1254 2620 1316 spe-

683 1342 854 1390 cialem
891 1341 1218 1404 Regalitatem
1254 1340 1336 1389 seu
1376 1342 1604 1403 regaliam
1643 1369 1653 1380 ·
1692 1342 2018 1405 Regalitatem
2053 1344 2113 1390 de
2150 1343 2342 1392 Sconne
2375 1347 2617 1407 perpetuis

629 1451 631 1453 ·
683 1433 980 1494 temporibus
1015 1433 1408 1494 incorporandam
1445 1434 1496 1479 in
1532 1448 1700 1494 puram
1735 1440 1787 1480 et
1819 1440 2101 1495 perpetuam
2138 1432 2445 1483 elemofinam
2477 1453 2534 1484 ac
2567 1438 2616 1483 in

684 1524 824 1571 feodo
858 1529 910 1571 et
944 1523 1213 1570 hereditate
1237 1538 1348 1570 cum
1383 1530 1588 1583 quatuor
1620 1525 1808 1585 punais
1842 1524 1902 1571 ad
1938 1522 2147 1572 nostram
2182 1541 2406 1574 coronam
2438 1529 2616 1589 regiam

683 1614 1004 1676 spe&antibus
1026 1630 1082 1661 ac
1105 1629 1217 1661 cum
1240 1610 1380 1660 boffis
1403 1613 1558 1674 planis
1580 1616 1726 1661 moris
1759 1613 1968 1662 marefiis
1992 1616 2081 1662 viis
2101 1614 2282 1664 semitis
2304 1619 2438 1677 aquis
2460 1616 2617 1681 stang-

683 1706 757 1751 nis
803 1704 989 1751 Rivolis
1029 1705 1179 1766 pratis
1217 1702 1401 1765 pascuis
1441 1709 1492 1750 et
1530 1702 1733 1765 pasturis
1771 1705 2059 1753 molendinis
2098 1707 2322 1755 multuris
2361 1714 2411 1754 et
2451 1723 2615 1756 eorum

683 1796 885 1857 sequelis
909 1794 1306 1857 aucupationibus
1329 1795 1664 1842 venationibus
1686 1793 2026 1857 piscationibus
2055 1798 2250 1858 petariis
2275 1799 2495 1846 turbariis
2518 1816 2617 1847 car-

683 1887 890 1934 bonariis
912 1886 1145 1947 lapicidiis
1168 1885 1327 1946 lapide
1350 1890 1402 1931 et
1424 1884 1555 1932 calce
1578 1885 1826 1934 fabrilibus
1859 1884 2057 1934 brafinis
2090 1887 2290 1935 bruariis
2325 1895 2375 1936 et
2409 1888 2615 1952 genestis

683 1977 916 2025 columbis
939 1976 1242 2024 columbariis
1265 1990 1375 2022 cum
1399 1976 1641 2022 communi
1663 1973 1855 2037 pastura
1887 1992 1996 2024 cum
2031 1979 2174 2025 curiis
2207 1984 2259 2026 et
2292 1995 2456 2027 earum
2478 1983 2619 2028 exiti-

684 2070 773 2115 bus
803 2067 1067 2115 herezeldis
1100 2066 1347 2114 bluduetis
1381 2072 1433 2113 et
1465 2066 1723 2114 merchetis
1755 2067 2012 2115 mulierum
2046 2084 2158 2116 cum
2191 2068 2452 2117 Itineribus
2477 2069 2617 2132 justi-

685 2161 827 2207 ciarie
862 2165 912 2206 et
947 2159 1205 2206 camerarie
1241 2174 1297 2205 ac
1333 2157 1545 2205 exitibus
1582 2163 1633 2204 et
1668 2158 1892 2219 proficuis
1928 2159 2188 2206 eorundem
2227 2175 2338 2207 cum
2378 2161 2529 2208 feodis
2566 2169 2616 2209 et

684 2250 983 2298 foriffa&uris
1022 2250 1156 2296 furca
1194 2246 1310 2296 foss'a
1348 2247 1434 2295 sok
1466 2246 1551 2295 sak
1589 2248 1662 2295 tol
1695 2254 1827 2296 teme
1860 2250 2121 2312 infangand
2154 2250 2287 2298 these
2321 2252 2616 2314 outfangand

685 2342 817 2388 these
856 2356 967 2388 cum
1008 2340 1158 2387 libera
1191 2336 1364 2386 foresta
1397 2345 1448 2386 et
1482 2353 1704 2387 warenna
1737 2355 1848 2386 cum
1882 2341 2160 2388 tenentibus
2195 2342 2435 2389 tenandiis
2468 2342 2616 2390 libere

684 2433 957 2480 tenentium
981 2429 1184 2478 servitiis
1208 2431 1360 2477 feodis
1384 2430 1682 2478 foriffadzuris
1706 2430 1837 2477 wrak
1859 2437 1911 2477 et
1935 2445 2059 2477 ware
2092 2446 2147 2478 ac
2181 2446 2292 2478 cum
2326 2431 2430 2478 aliis
2465 2435 2616 2480 omni-

685 2524 774 2570 bus
808 2529 860 2569 et
893 2520 1089 2584 fingulis
1119 2521 1424 2567 libertatibus
1458 2520 1879 2568 commoditatibus
1912 2517 2183 2568 afiamentis
2214 2536 2271 2567 ac
2298 2519 2439 2582 justis
2471 2525 2617 2584 perti-

686 2615 865 2661 nentiis
886 2612 980 2659 suis
1003 2609 1379 2673 quibuscumque
1402 2617 1502 2658 tam
1526 2626 1624 2658 non
1646 2611 1905 2658 nominatis
1927 2625 2070 2671 quam
2092 2612 2349 2659 nominatis
2367 2613 2427 2659 ad
2444 2614 2617 2661 dietam

689 2705 1015 2768 Regalitatem
1054 2718 1166 2752 cum
1197 2703 1503 2764 pertinentiis
1539 2701 1861 2764 speaantibus
1894 2699 1977 2749 seu
2010 2702 2371 2762 quomodolibet
2409 2702 2616 2765 spedzare

687 2796 959 2844 valentibus
981 2796 1032 2841 in
1055 2794 1274 2841 futurum
1297 2792 1363 2839 Et
1386 2793 1505 2840 adeo
1529 2792 1677 2840 libere
1700 2793 1863 2853 quiete
1890 2792 2104 2854 plenarie
2138 2794 2327 2855 integre
2359 2794 2617 2858 honorifice

687 2888 811 2934 bene
834 2893 886 2934 et
909 2887 959 2933 in
982 2900 1098 2947 pace
1121 2881 1243 2931 ficut
1270 2884 1430 2944 aliqua
1462 2883 1710 2945 Regalitas
1732 2881 1815 2930 seu
1836 2883 2016 2945 regalia
2036 2883 2160 2930 infra
2181 2899 2382 2946 regnum
2404 2883 2616 2934 nostrum

689 2993 774 3039 per
797 2977 904 3024 Nos
927 2976 1004 3024 vel
1038 2972 1220 3022 nostros
1253 2972 1599 3037 predecessores
1634 2972 2010 3035 quibuscumque
2043 2976 2289 3023 retroadsis
2323 2978 2618 3037 temporibus

691 3069 886 3115 liberius
920 3067 1199 3115 conceditur
1231 3065 1310 3113 vel
1342 3066 1547 3113 donatur
1579 3063 1782 3126 Insuper
1803 3065 2118 3126 approbamus
2140 3066 2430 3114 ratificamus
2452 3083 2617 3115 omnes

691 3165 743 3206 et
764 3157 971 3221 fingulas
1006 3145 1639 3206 conceffiones'donationes
1673 3162 1724 3203 et
1757 3156 2051 3203 annexiones
2085 3171 2491 3218 quarumcumque
2523 3164 2619 3205 ter-

692 3264 850 3299 rarum
872 3250 1148 3297 reddituum
1171 3249 1248 3296 vel
1271 3245 1598 3311 pofl'effionum
1621 3262 1707 3310 per
1728 3244 2049 3307 quoscumque
2072 3244 2254 3295 nostros
2275 3246 2618 3308 predecessores
