2982 4016
1151 1057 1527 1122 LIBER

387 1342 980 1409 ECCLESIE
1061 1342 1513 1408 SANCTE
1586 1343 2292 1410 TRINITATIS

1042 1594 1202 1659 DE
1271 1594 1607 1660 SCON.

363 2008 508 2055 Carta
529 2005 797 2055 Alexandri
821 2005 970 2069 Regis
994 2007 1054 2054 de
1079 2006 1383 2055 Fundatione
1406 2006 1633 2055 Abbatie.

305 2201 326 2242 1
366 2157 472 2246 IN
498 2189 711 2236 Nomine
735 2188 909 2237 Sancte
934 2201 985 2237 et
1008 2189 1267 2236 Indiuidue
1290 2188 1540 2237 Trinitatis
1568 2206 1664 2252 qua
1686 2206 1808 2238 vnus
1831 2190 1968 2239 Deus
2003 2191 2229 2239 adoratur
2253 2198 2303 2238 et

361 2281 537 2328 colitur
559 2286 610 2328 et
634 2281 866 2336 creditur
912 2280 1039 2336 Quia
1060 2278 1183 2328 ficut
1206 2280 1315 2327 Rex
1347 2287 1398 2328 et
1420 2282 1656 2343 propheta
1683 2281 1846 2330 Dauid
1873 2279 2079 2330 testatur
2107 2283 2302 2330 domum

362 2370 456 2418 Dei
478 2370 663 2433 semper
685 2372 825 2419 decet
848 2369 1115 2420 sanctitudo
1150 2371 1256 2434 Ego
1279 2371 1562 2421 Alexander
1584 2373 1679 2421 Dei
1701 2375 1859 2437 gratia
1887 2373 1997 2421 Rex
2011 2353 2302 2422 *Scottorum

359 2462 484 2509 filius
508 2464 633 2526 regis
657 2463 909 2511 Malcolmi
943 2469 995 2511 et
1024 2464 1188 2527 regine
1212 2463 1492 2526 Margerete
1526 2470 1584 2520 et
1611 2480 1700 2527 ego
1735 2464 1908 2513 Sibilla
1941 2465 2130 2529 Regina
2162 2465 2300 2513 Scot-

359 2561 519 2601 torum
553 2554 653 2602 filia
681 2554 883 2602 Henrici
914 2556 1038 2618 regis
1062 2554 1243 2618 Anglie
1278 2555 1496 2603 volentes
1532 2556 1728 2603 domum
1761 2555 1961 2603 Domini
1996 2557 2221 2604 decorare
2250 2564 2300 2604 et

360 2647 708 2694 habitationem
754 2648 856 2694 eius
902 2647 1118 2694 exaltare
1163 2644 1412 2694 ecclefiam
1456 2647 1507 2693 in
1548 2647 1779 2694 honorem
1826 2645 2002 2696 Sancte
2047 2647 2297 2695 Trinitatis

362 2738 631 2785 dedicatam
655 2753 749 2798 que
781 2735 852 2784 est
874 2738 925 2784 in
950 2737 1109 2785 Scona
1139 2737 1446 2785 concedimus
1469 2743 1532 2808 'et
1562 2739 1795 2786 tradimus
1818 2735 1905 2800 ipfi
1929 2737 2036 2785 Deo
2066 2745 2117 2786 et
2139 2737 2296 2785 sancte

362 2827 521 2875 Marie
561 2834 612 2876 et
646 2826 804 2876 sanfito
840 2828 1074 2876 Michaeli
1119 2834 1170 2876 et
1215 2826 1374 2876 Γωιᾶο
1408 2828 1619 2878 Johanni
1659 2834 1711 2877 et
1750 2829 1909 2877 sancto
1943 2829 2207 2876 Laurencio
2245 2836 2295 2874 et

359 2917 518 2966 sancto
541 2918 814 2981 Augustino
837 2919 1039 2967 liberam
1063 2924 1113 2966 et
1136 2918 1340 2967 solutam
1375 2925 1426 2967 et
1460 2920 1673 2981 quietam
1707 2920 1769 2967 ab
1802 2921 1933 2966 omni
1965 2920 2214 2966 exactione
2243 2925 2293 2965 et

359 3011 692 3071 inquietudine
731 3026 760 3058 a
798 3011 971 3072 quibus
1011 3012 1143 3073 regia
1182 3011 1389 3074 dignitas
1424 3015 1476 3057 et
1514 3008 1724 3071 potestas
1754 3007 1913 3070 potest
1949 3023 2055 3056 eam
2090 3008 2292 3055 liberare

358 3102 656 3162 patrocinare
674 3106 725 3148 et
748 3101 1004 3148 defendere
1056 3099 1138 3148 Ad
1162 3101 1257 3148 Dei
1279 3102 1428 3164 igitur
1451 3099 1638 3147 cultum
1661 3105 1712 3146 et
1734 3100 1966 3146 honorem
1990 3099 2290 3147 dilatandum

359 3197 410 3238 et
452 3191 766 3238 exaltandum
810 3190 993 3252 placuit
1037 3192 1174 3239 nobis
1220 3191 1415 3239 clericos
1472 3191 1809 3238 canonicorum
1854 3188 2138 3252 profeffione
2187 3190 2294 3238 Deo

359 3281 646 3330 famulantes
681 3282 741 3328 de
775 3278 972 3329 ecclefia
1006 3279 1152 3330 sancti
1188 3280 1418 3329 Osuualdi
1453 3281 1513 3328 de
1558 3296 1653 3342 qua
1697 3281 1824 3330 fama
1861 3281 2104 3343 religionis
2149 3282 2285 3329 nobis

1308 3386 1338 3418 A
