2982 4016
529 1119 588 1161 95

615 537 675 580 (50
1159 526 1161 528 ’
1281 520 1487 571 LIBER
1521 515 1848 566 ECCLESIE
2292 525 2392 563 suc,
2419 524 2535 559 x111.

619 659 850 711 Dunkeld
873 687 884 698 ·
901 662 1069 722 magro
1092 654 1189 704 Joh
1208 656 1267 702 de
1291 652 1481 715 Evirlay
1503 676 1514 687 ·
1532 655 1668 711 petro
1687 648 1746 695 de
1769 643 1946 708 kergifl
1966 672 1976 683 ·
1996 642 2264 706 Reginaldo
2282 642 2380 690 filio
2404 658 2512 690 meo
2528 667 2538 677 ·

619 756 809 817 hugone
831 750 1088 814 Capellano
1111 773 1121 784 ·
1146 746 1308 794 Simoe
1331 741 1452 791 01100
1475 749 1509 787 ‘t
1531 740 1635 788 aliis
1654 764 1664 775 ·

621 936 797 992 Quieta
818 930 1038 980 clamatio
1059 927 1086 975 J
1094 926 1290 974 ohannis
1313 923 1472 971 clerici
1497 927 1622 969 terre
1644 935 1730 981 per
1757 917 2082 965 Willielmum
2107 917 2167 964 de
2190 915 2296 963 Len
2319 916 2444 963 date.

623 1102 874 1166 Omnibus
897 1108 1068 1158 Christi
1091 1106 1311 1155 fidelibus
1341 1106 1432 1151 hoc
1466 1102 1693 1165 scriptum
1728 1099 1893 1149 visuris
1928 1100 2005 1148 vel
2039 1100 2274 1148 audituris
2298 1083 2546 1147 Johannes

620 1208 814 1255 clericus
837 1201 962 1249 filius
985 1200 1172 1254 mathei
1198 1196 1445 1257 Lorimarij
1482 1195 1542 1241 de
1579 1193 1728 1240 Perth
1762 1191 1964 1240 salutem
2034 1191 2242 1239 Noverit
2265 1188 2547 1238 univerfitas

621 1296 771 1345 vestra
793 1294 919 1356 quod
942 1307 1051 1341 cum
1075 1296 1206 1338 mota
1228 1286 1344 1336 effet
1366 1282 1683 1335 controversia
1716 1285 1767 1331 in
1798 1284 1930 1331 curia
1957 1280 2266 1346 burgenfium
2301 1282 2360 1329 de
2395 1280 2545 1329 Perth

620 1391 745 1435 iuter
766 1402 843 1434 me
866 1401 927 1433 ex
949 1399 1046 1431 una
1067 1387 1201 1444 parte
1224 1387 1275 1428 et
1298 1377 1619 1427 venerabilem
1643 1377 1798 1422 virum
1823 1376 2071 1422 dominum
2103 1374 2373 1422 Robertum
2404 1373 2548 1421 abba-

621 1488 721 1527 tem
750 1484 799 1525 et
832 1480 1122 1524 conventum
1146 1473 1205 1520 de
1229 1471 1417 1519 Schona
1439 1485 1500 1516 ex
1524 1468 1676 1516 altera
1696 1465 1836 1529 super
1858 1467 2064 1528 quadam
2088 1472 2216 1514 terra
2250 1481 2394 1527 quam
2421 1463 2549 1512 Wil—

623 1570 794 1617 lelmus
817 1569 941 1615 bone
973 1566 1199 1614 memorie
1232 1563 1341 1611 Rex
1376 1561 1539 1610 Scotie
1574 1558 1773 1623 Hugoni
1811 1558 2046 1606 Lorimari
2081 1564 2133 1606 et
2165 1557 2422 1605 heredibus
2455 1555 2551 1604 suis

623 1677 705 1722 pro
728 1659 916 1707 servitio
939 1657 1019 1704 suo
1044 1655 1247 1704 contulit
1279 1660 1329 1701 et
1360 1668 1502 1715 quam
1537 1658 1714 1699 terram
1749 1649 2032 1698 Willelmus
2067 1650 2128 1697 de
2164 1649 2269 1696 Len
2303 1646 2550 1711 burgensis

621 1754 680 1798 «le
715 1751 861 1798 Perth
895 1765 979 1812 per
1011 1748 1262 1811 pecuniam
1302 1745 1433 1793 suam
1468 1743 1762 1805 comparavit
1805 1748 1856 1790 et
1895 1741 2057 1789 abbati
2099 1748 2151 1788 et
2190 1740 2449 1789 conventui
2491 1740 2551 1786 de

624 1844 775 1889 Scona
797 1857 881 1903 pro
903 1841 1061 1888 anima
1084 1838 1165 1886 sua
1188 1839 1237 1884 in
1267 1841 1556 1900 perpetuum
1581 1834 1715 1882 dedit
1751 1832 2073 1888 controvenfia
2107 1833 2158 1880 111
2192 1831 2320 1879 hunc
2354 1831 2551 1878 modum

622 1934 890 1994 conquievit
921 1930 1144 1979 videlicet
1179 1929 1305 1991 quod
1337 1944 1425 1991 ego
1466 1926 1715 1974 Johannes
1754 1922 2136 1994 recognoscendo
2162 1924 2244 1986 jus
2279 1923 2466 1971 abbatis
2501 1930 2552 1971 et

622 2030 884 2072 conventus
918 2024 978 2070 de
1012 2022 1168 2069 Scona
1201 2027 1355 2068 totam
1389 2019 1651 2082 predictam
1680 2023 1858 2065 terram
1883 2022 1934 2065 et
1957 2018 2118 2076 totum
2132 2017 2215 2078 jus
2237 2030 2402 2062 meum
2426 2015 2552 2076 quod

623 2118 671 2162 in
694 2116 819 2163 dicta
840 2121 966 2164 terra
986 2114 1129 2161 habui
1153 2113 1228 2160 vel
1263 2128 1341 2159 me
1378 2108 1588 2159 habuiss'e
1611 2110 1789 2158 credidi
1827 2108 2027 2156 Scilicet
2061 2107 2223 2155 abbati
2259 2113 2310 2154 et
2346 2122 2553 2155 conven-

625 2209 696 2254 tui
719 2222 803 2268 pro
826 2221 904 2254 me
927 2211 977 2253 et
999 2205 1249 2253 heredibus
1284 2205 1403 2251 meis
1437 2218 1523 2264 per
1558 2203 1710 2249 rectas
1745 2199 1915 2249 divisas
1938 2199 2044 2247 suas
2067 2197 2328 2247 secundum
2353 2199 2479 2260 quod
2503 2199 2554 2246 in

626 2305 756 2345 carta
778 2297 955 2344 domini
981 2296 1217 2343 Willelmi
1241 2295 1386 2358 Regis
1411 2293 1575 2341 Scotie
1610 2299 1660 2341 et
1694 2293 1875 2340 domiui
1907 2291 2056 2355 Regis
2080 2290 2349 2338 Alexandri
2385 2297 2436 2338 et
2469 2290 2552 2351 filij

627 2388 695 2435 sui
735 2387 1137 2435 confirmationem
1177 2387 1362 2449 plenius
1403 2387 1679 2433 continetur
1717 2386 1931 2447 quietam
1971 2383 2174 2431 clamavi
2255 2379 2402 2430 Istam
2443 2397 2555 2430 vero

629 2480 837 2540 quietam
877 2478 1208 2526 clamationem
1250 2485 1301 2525 et
1338 2478 1459 2539 juris
1498 2477 1877 2539 recognitionem
1917 2475 2010 2523 feci
2051 2490 2141 2538 ego
2181 2474 2308 2536 apud
2349 2473 2465 2520 Pert
2505 2474 2563 2528 in,

629 2570 838 2631 prediCta
870 2577 996 2617 terra
1028 2585 1184 2617 coram
1219 2566 1529 2632 burgensibus
1555 2566 1776 2629 ejusdem
1817 2566 1931 2614 ville
1970 2581 2115 2614 1111110
2130 2566 2284 2629 gratie
2318 2564 2554 2615 co.0ee.0xl.

630 2662 797 2721 quinto
819 2659 978 2708 mense
1002 2660 1120 2722 Maij
1188 2660 1472 2708 Juramento
1497 2659 1805 2722 corporaliter
1829 2656 2028 2721 prestito
2059 2666 2152 2720 pro·
2172 2673 2252 2705 me
2286 2665 2337 2705 et
2371 2645 2566 2705 heredi-¹

631 2752 719 2798 bus
741 2753 858 2799 meis
881 2758 936 2799 ut
960 2752 1136 2798 dictum
1159 2749 1229 2798 est
1252 2767 1336 2813 pro
1360 2749 1447 2798 ista
1479 2752 1641 2812 quieta
1672 2749 1961 2798 clamatione
1995 2755 2047 2796 et
2071 2749 2195 2810 juris
2228 2750 2556 2811 recognitione

631 2842 835 2889 fideliter
874 2841 1161 2890 observando
1229 2843 1295 2890 Et
1335 2840 1369 2888 11
1411 2844 1659 2906 contingat
1699 2842 1826 2904 quod
1867 2857 1956 2904 ego
1996 2840 2073 2888 vel
2114 2841 2287 2902 aliquis
2326 2841 2556 2888 heredum

630 2948 843 2980 meorum
890 2940 1057 2981 contra
1100 2935 1357 2996 predffiam
1405 2934 1617 2995 quietam
1663 2933 2002 2981 clamationem
2048 2937 2233 2980 temere
2278 2937 2557 2994 contempto

626 3024 897 3083 juramento
942 3026 1103 3073 venire
1149 3026 1458 3087 temptaverit
1504 3025 1652 3073 dictos
1697 3024 1922 3072 abbatem
1967 3031 2019 3071 et
2064 3030 2356 3071 conventum
2403 3022 2560 3085 Super

635 3115 841 3175 111οὀ1ἃο
870 3122 997 3164 terra
1031 3117 1262 3164 trahendo
1296 3117 1356 3164 ad
1390 3115 1568 3178 placita
1598 3113 1696 3163 five
1730 3117 1782 3163 in
1815 3116 1918 3163 foro
1952 3115 2080 3163 civili
2114 3112 2211 3163 five
2245 3112 2559 3163 ecclesiastico

636 3206 684 3251 in
708 3205 839 3253 nulla
861 3208 990 3254 curia
1011 3208 1061 3254 in
1084 3188 1324 3269 posterum
1349 3208 1635 3256 exaudietur
1655 3214 1712 3254 ut
1733 3205 1824 3255 ista
1845 3213 2009 3254 autem
2033 3207 2198 3268 quieta
2214 3205 2437 3254 clamatio
2456 3211 2560 3252 rata

638 3304 686 3343 01
719 3294 984 3345 inconcuss'a
1017 3303 1293 3359 permaneat
1326 3299 1439 3347 huic
1473 3297 1645 3361 scripto
1680 3298 1793 3359 quia
1825 3295 2032 3361 sigillum
2065 3303 2237 3345 notum
2270 3311 2367 3343 non
2404 3296 2557 3344 habeo
