3002 4030
293 2181 401 2227 916.

447 523 561 557 nne.
577 524 680 557 ΜΟ.
698 526 752 557 11.
992 513 1042 560 S.
1076 514 1469 566 TRINITATIS
1504 518 1597 566 DE
1632 518 1826 567 SGON.
2279 528 2371 571 183

446 645 531 687 aut
553 640 670 690 alias
704 640 1023 703 quascumque
1057 643 1277 705 personas
1310 645 1593 695 monasterio
1627 650 1687 696 de
1723 649 1879 697 Scona
1907 666 1964 697 ac
1986 649 2169 700 Abbati
2192 658 2243 700 et
2266 668 2375 699 con-

446 733 615 778 ventui
647 731 860 793 ejusdem
893 731 1165 781 monasterii
1210 734 1358 797 usque
1397 739 1447 783 in
1483 739 1610 785 diem
1644 741 1951 787 confectionis
1983 739 2212 801 presentis
2247 748 2375 789 carte

446 822 569 871 faeie
593 829 644 870 et
667 820 880 871 concess'e
904 822 964 870 In
986 825 1123 885 cujus
1145 826 1215 872 rei
1239 824 1564 874 testimonium
1586 828 1792 890 presenti
1816 836 1946 879 carte
1963 828 2120 878 nostre
2137 831 2373 893 Magnum

446 911 671 974 Sigillum
686 911 898 960 nostrum
905 912 1102 975 Apponi
1116 917 1413 976 precepimus
1428 916 1644 965 Testibus
1656 920 1949 969 Reverendis
1963 922 2014 967 in
2029 920 2217 968 Christo
2231 924 2375 983 patri-

445 1004 534 1051 bus
557 1003 590 1050 J
592 1005 740 1078 acobo
764 1004 1105 1061 Sanffiandree
1129 1031 1140 1042 ·
1165 1011 1215 1052 et
1239 1005 1492 1054 Willelmo
1516 1008 1793 1072 Glasguenfi
1812 1008 2110 1058 ecclefiarum
2131 1010 2374 1073 Episcopis

452 1093 699 1141 Willelmo
723 1095 917 1141 domino
936 1094 1178 1142 Crechton
1201 1093 1359 1143 nostro
1384 1098 1665 1145 cancellario
1684 1106 1734 1147 et
1752 1100 2097 1162 consanguineo
2114 1102 2373 1164 predile&0

447 1184 648 1231 Dileais
672 1182 1032 1246 consanguineis
1055 1183 1225 1232 nostris
1250 1186 1457 1234 Patricio
1492 1189 1684 1235 domino
1718 1191 1779 1236 de
1812 1190 1858 1237 le
1893 1191 2071 1238 Grame
2094 1191 2372 1239 Alexandro

445 1275 637 1322 domino
659 1276 1002 1337 montagomery
1024 1275 1246 1323 ,Iohanne
1282 1277 1474 1325 domino
1497 1278 1705 1341 lindesay
1729 1281 1788 1326 de
1810 1281 1938 1341 byris
1960 1281 2157 1328 Andrea
2179 1283 2370 1329 domino

445 1365 505 1411 de
539 1364 586 1412 le
619 1380 736 1427 gray
767 1363 1000 1427 Magistro
1034 1364 1230 1427 hospicii
1265 1364 1408 1413 nostri
1444 1367 1687 1430 Magistris
1720 1369 1940 1417 Johanne
1982 1371 2164 1417 Arrous
2204 1371 2374 1418 Archi-

445 1456 644 1503 diacono
668 1454 949 1518 Glasguenfi
972 1461 1024 1503 et
1052 1456 1271 1518 Georgeo
1309 1457 1641 1520 Schorysuuod
1675 1459 1878 1507 Re&ore
1913 1461 1972 1507 de
2007 1460 2177 1522 Cultyr
2201 1461 2371 1508 clerico

444 1545 603 1592 nostro
627 1546 777 1608 Apud
808 1547 1093 1609 Edinburgh
1121 1545 1343 1595 vicefimo
1367 1550 1444 1595 die
1480 1546 1654 1600 menfis
1677 1549 1813 1596 Junii
1835 1548 1982 1596 Anno
2005 1551 2185 1596 domini
2210 1550 2372 1596 Mille-

446 1634 563 1683 fimo
588 1634 1069 1700 Quadringentesimo
1093 1636 1481 1700 quinquagesimo
1506 1639 1727 1686 Secundo
1753 1640 1818 1686 Et
1843 1640 1999 1702 Regni
2022 1638 2166 1687 nostri
2191 1642 2373 1688 decimo

446 1726 652 1774 secundo
677 1755 687 1766 ·

448 1908 629 1958 Instfm
653 1891 737 1957 ini)
759 1911 930 1958 abbem
953 1916 1005 1958 et
1027 1915 1180 1975 9ηὲτῦ
1210 1918 1260 1958 et
1293 1911 1454 1959 Dauid
1477 1911 1666 1973 Cumyn
1702 1912 1761 1957 de
1796 1911 1928 1972 culty
1948 1910 1999 1958 sf
2023 1911 2244 1957 fracfffine
2268 1911 2372 1957 cibe

448 1999 560 2049 iuxae
579 2002 691 2049 lacu
715 2002 775 2048 de
798 2002 920 2048 biair
940 2009 974 2047 ”t
997 2003 1057 2048 de
1081 2001 1258 2049 emend
1281 2000 1416 2049 eiuffi
1439 2027 1450 2038 ·

450 2183 510 2230 In
533 2183 628 2230 Dei
653 2183 867 2231 Nomine
890 2182 1053 2232 Amen
1075 2199 1109 2243 p
1130 2183 1225 2231 hoc
1247 2182 1337 2244 piis
1355 2183 1601 2244 publicum
1619 2181 1995 2232 Instrumentum
2011 2183 2195 2234 Cunffl’
2210 2187 2374 2242 pateat

446 2275 699 2321 euidenter
732 2290 767 2336 q
798 2273 948 2323 Anno
987 2274 1329 2321 Incarnaffinis
1363 2272 1504 2321 dnice
1536 2271 1797 2322 Millefimo
1838 2274 2144 2335 quadrigenm⁰
2180 2275 2374 2333 quiqua-

446 2363 625 2427 gefimo
649 2370 819 2425 quarto
843 2364 1108 2412 Indicciine
1132 2362 1186 2409 ΒΕ
1210 2363 1363 2411 Mcnss
1384 2380 1497 2411 vero
1520 2364 1702 2425 Aprilis
1731 2365 1807 2410 die
1839 2361 2040 2424 septimo
2074 2362 2151 2409 Ac
2184 2362 2372 2423 pontifi-

446 2461 583 2503 catus
605 2452 801 2502 sciffimi
835 2456 886 2501 in
919 2453 1019 2516 xpo
1042 2456 1190 2516 patris
1220 2460 1277 2501 et
1311 2453 1394 2502 dffi
1428 2456 1503 2501 nii
1540 2453 1622 2503 dffi
1661 2453 1885 2501 Nicholai
1922 2451 2035 2500 dina
2069 2453 2373 2514 prouidencia

446 2562 568 2608 pape
591 2547 714 2607 quiti
738 2545 885 2592 Anno
910 2544 1128 2606 Septimo
1153 2544 1214 2592 In
1236 2546 1331 2591 mei
1367 2545 1537 2605 notarij
1574 2544 1752 2605 publici
1786 2550 1837 2590 et
1870 2540 2062 2590 testium
2096 2541 2372 2603 subscripto-

445 2653 553 2684 rum
576 2636 819 2699 presencia
850 2634 1108 2697 psonalitcr
1135 2634 1437 2683 Constitutus
1460 2634 1748 2682 honorabilis
1782 2635 1854 2681 vir
1887 2633 2048 2681 Dauid
2072 2632 2288 2693 Cumyne
2311 2632 2370 2678 de

446 2727 596 2788 Gulty
624 2727 888 2774 Candelam
923 2741 1110 2773 ceream
1142 2727 1193 2773 in
1225 2740 1373 2773 manu
1406 2723 1489 2772 sua
1521 2722 1709 2786 gestans
1749 2739 1859 2775 cum
1892 2738 2066 2785 magna
2097 2721 2369 2779 humilitate

447 2824 497 2864 et
529 2818 670 2864 corde
694 2818 901 2863 contrito
925 2822 978 2862 vt
1001 2817 1220 2877 apparuit
1254 2815 1390 2862 flexis
1425 2815 1627 2876 genibus
1663 2820 1713 2860 et
1748 2813 1987 2873 discoopto
2023 2813 2177 2873 cap-ite
2211 2825 2367 2858 coram

446 2907 689 2955 venerabli
711 2907 762 2955 in
785 2905 884 2967 xpo
905 2911 1043 2967 patre
1066 2921 1121 2953 ac
1145 2905 1240 2951 dfio
1264 2905 1447 2952 Thoma
1479 2901 1778 2965 permiffione
1811 2901 1926 2949 dina
1954 2901 2149 2948 Abbate
2174 2898 2366 2946 Monas-

446 2979 509 3059 ‘Pij
536 2999 595 3044 de
620 2997 778 3045 Scona
800 2997 976 3043 ordinis
996 2994 1070 3042 sci
1095 2992 1363 3057 Augustini
1396 3000 1600 3055 ,protunc
1633 2994 1683 3038 in
1718 2991 1868 3039 ecciia
1895 2990 2123 3052 prochiali
2142 2990 2206 3036 de
2228 2988 2366 3036 blair*

447 3089 706 3136 SEiandrce
729 3087 842 3134 (1ἰοσή
866 3083 1100 3134 existente
1130 3093 1165 3130 ’ἱ
1192 3084 1283 3148 [ηρ
1316 3084 1460 3131 sumu
1495 3084 1645 3130 altare
1680 3080 1887 3129 ciusdem
1920 3080 2261 3142 procumbente
2294 3094 2366 3126 re-

446 3178 674 3241 cognouit
697 3183 747 3224 et
770 3176 963 3241 publice
987 3172 1217 3223 confefl'us
1240 3173 1311 3221 est
1339 3173 1388 3222 se
1420 3175 1623 3235 quadam
1657 3188 1803 3233 puam
1838 3172 2057 3219 Cimbam
2080 3150 2297 3232 vulgari?
2319 3169 2364 3215 le

447 3269 615 3319 Cobile
638 3272 929 3328 nucupatam
952 3266 1012 3315 ad
1034 3266 1272 3326 prefatum
1296 3264 1411 3315 dflm
1435 3264 1603 3312 abbem
1634 3268 1688 3315 et
1721 3261 1807 3312 sufi
1839 3267 2134 3312 conuentum
2154 3258 2365 3322 spectan-
