<?xml version="1.0" encoding="UTF-8"?>
<!DOCTYPE html PUBLIC "-//W3C//DTD XHTML 1.0 Transitional//EN"
    "http://www.w3.org/TR/xhtml1/DTD/xhtml1-transitional.dtd">
<html xmlns="http://www.w3.org/1999/xhtml" xml:lang="en" lang="en">
 <head>
  <title>
</title>
<meta http-equiv="Content-Type" content="text/html;charset=utf-8" />
  <meta name='ocr-system' content='tesseract 3.04.00' />
  <meta name='ocr-capabilities' content='ocr_page ocr_carea ocr_par ocr_line ocrx_word'/>
</head>
<body>
  <div class='ocr_page' id='page_1' title='image "./liberecclesiedes78sconuoft_0053.png"; bbox 0 0 2982 4016; ppageno 0'>
   <div class='ocr_carea' id='block_1_1' title="bbox 393 527 2325 580">
    <p class='ocr_par' dir='ltr' id='par_1_1' title="bbox 393 527 2325 580">
     <span class='ocr_line' id='line_1_1' title="bbox 393 527 2325 580; baseline 0.003 -5"><span class='ocrx_word' id='word_1_1' title='bbox 393 541 508 575; x_wconf 70' lang='lat' dir='ltr'><strong>nne.</strong></span> <span class='ocrx_word' id='word_1_2' title='bbox 533 541 678 575; x_wconf 79' lang='lat' dir='ltr'><strong>MALo.</strong></span> <span class='ocrx_word' id='word_1_3' title='bbox 935 528 985 575; x_wconf 88' lang='lat' dir='ltr'><strong>S.</strong></span> <span class='ocrx_word' id='word_1_4' title='bbox 1020 527 1417 577; x_wconf 86' lang='lat' dir='ltr'><strong>TRINITATIS</strong></span> <span class='ocrx_word' id='word_1_5' title='bbox 1453 528 1546 576; x_wconf 88' lang='lat' dir='ltr'><strong>DE</strong></span> <span class='ocrx_word' id='word_1_6' title='bbox 1583 528 1776 577; x_wconf 85' lang='lat' dir='ltr'><strong>SCON.</strong></span> <span class='ocrx_word' id='word_1_7' title='bbox 2298 539 2325 580; x_wconf 89' lang='lat'>5</span> 
     </span>
    </p>
   </div>
   <div class='ocr_carea' id='block_1_2' title="bbox 391 746 1725 812">
    <p class='ocr_par' dir='ltr' id='par_1_2' title="bbox 391 746 1725 812">
     <span class='ocr_line' id='line_1_2' title="bbox 391 746 1725 812; baseline 0.004 -17"><span class='ocrx_word' id='word_1_8' title='bbox 391 747 538 796; x_wconf 83' lang='lat' dir='ltr'><strong>Carta</strong></span> <span class='ocrx_word' id='word_1_9' title='bbox 560 746 813 795; x_wconf 86' lang='lat' dir='ltr'><strong>Malcolmi</strong></span> <span class='ocrx_word' id='word_1_10' title='bbox 836 750 960 812; x_wconf 90' lang='lat' dir='ltr'><strong>regis</strong></span> <span class='ocrx_word' id='word_1_11' title='bbox 985 749 1336 799; x_wconf 89' lang='lat' dir='ltr'><strong>confirmatoria</strong></span> <span class='ocrx_word' id='word_1_12' title='bbox 1353 753 1412 799; x_wconf 90' lang='lat' dir='ltr'><strong>de</strong></span> <span class='ocrx_word' id='word_1_13' title='bbox 1430 753 1725 800; x_wconf 81' lang='lat' dir='ltr'><strong>fundatione.</strong></span> 
     </span>
    </p>
   </div>
   <div class='ocr_carea' id='block_1_3' title="bbox 319 914 2323 995">
    <p class='ocr_par' dir='ltr' id='par_1_3' title="bbox 319 914 2323 995">
     <span class='ocr_line' id='line_1_3' title="bbox 319 914 2323 995; baseline 0.003 -19"><span class='ocrx_word' id='word_1_14' title='bbox 319 935 346 976; x_wconf 88' lang='lat'><em>5</em></span> <span class='ocrx_word' id='word_1_15' title='bbox 392 914 707 979; x_wconf 87' lang='lat' dir='ltr'><strong>Malcolmus</strong></span> <span class='ocrx_word' id='word_1_16' title='bbox 749 930 859 978; x_wconf 85' lang='lat' dir='ltr'><strong>Rex</strong></span> <span class='ocrx_word' id='word_1_17' title='bbox 904 930 1160 978; x_wconf 81' lang='lat' dir='ltr'><strong>Scotorum</strong></span> <span class='ocrx_word' id='word_1_18' title='bbox 1204 931 1434 995; x_wconf 90' lang='lat' dir='ltr'><strong>episcopis</strong></span> <span class='ocrx_word' id='word_1_19' title='bbox 1477 934 1730 981; x_wconf 88' lang='lat' dir='ltr'><strong>abbatibus</strong></span> <span class='ocrx_word' id='word_1_20' title='bbox 1768 935 2024 982; x_wconf 82' lang='lat' dir='ltr'><strong>comitibus</strong></span> <span class='ocrx_word' id='word_1_21' title='bbox 2066 934 2323 983; x_wconf 84' lang='lat' dir='ltr'><strong>baronibus</strong></span> 
     </span>
    </p>
   </div>
   <div class='ocr_carea' id='block_1_4' title="bbox 378 1019 2322 3455">
    <p class='ocr_par' dir='ltr' id='par_1_4' title="bbox 378 1019 2322 3455">
     <span class='ocr_line' id='line_1_4' title="bbox 379 1019 2322 1087; baseline 0.002 -18"><span class='ocrx_word' id='word_1_22' title='bbox 379 1019 582 1084; x_wconf 85' lang='lat' dir='ltr'><strong>justiciis</strong></span> <span class='ocrx_word' id='word_1_23' title='bbox 606 1022 967 1070; x_wconf 81' lang='lat' dir='ltr'><strong>vicecomitibus</strong></span> <span class='ocrx_word' id='word_1_24' title='bbox 989 1020 1236 1085; x_wconf 87' lang='lat' dir='ltr'><strong>prepofitis</strong></span> <span class='ocrx_word' id='word_1_25' title='bbox 1269 1023 1496 1071; x_wconf 87' lang='lat' dir='ltr'><strong>ministris</strong></span> <span class='ocrx_word' id='word_1_26' title='bbox 1531 1023 1804 1086; x_wconf 70' lang='lat' dir='ltr'><strong>cunffisque</strong></span> <span class='ocrx_word' id='word_1_27' title='bbox 1838 1025 1943 1072; x_wconf 90' lang='lat' dir='ltr'><strong>aliis</strong></span> <span class='ocrx_word' id='word_1_28' title='bbox 1977 1026 2137 1087; x_wconf 88' lang='lat' dir='ltr'><strong>probis</strong></span> <span class='ocrx_word' id='word_1_29' title='bbox 2171 1027 2322 1073; x_wconf 90' lang='lat' dir='ltr'><strong>homi-</strong></span> 
     </span>
     <span class='ocr_line' id='line_1_5' title="bbox 386 1112 2321 1179; baseline 0.003 -19"><span class='ocrx_word' id='word_1_30' title='bbox 386 1114 528 1160; x_wconf 90' lang='lat' dir='ltr'><strong>nibus</strong></span> <span class='ocrx_word' id='word_1_31' title='bbox 551 1114 702 1160; x_wconf 90' lang='lat' dir='ltr'><strong>totius</strong></span> <span class='ocrx_word' id='word_1_32' title='bbox 725 1119 852 1160; x_wconf 86' lang='lat' dir='ltr'><strong>terre</strong></span> <span class='ocrx_word' id='word_1_33' title='bbox 880 1112 961 1160; x_wconf 87' lang='lat' dir='ltr'><strong>sue</strong></span> <span class='ocrx_word' id='word_1_34' title='bbox 985 1114 1168 1161; x_wconf 83' lang='lat' dir='ltr'><strong>clericis</strong></span> <span class='ocrx_word' id='word_1_35' title='bbox 1204 1120 1254 1160; x_wconf 93' lang='lat' dir='ltr'><strong>et</strong></span> <span class='ocrx_word' id='word_1_36' title='bbox 1278 1114 1410 1162; x_wconf 90' lang='lat' dir='ltr'><strong>laicis</strong></span> <span class='ocrx_word' id='word_1_37' title='bbox 1435 1115 1630 1162; x_wconf 86' lang='lat' dir='ltr'><strong>Francis</strong></span> <span class='ocrx_word' id='word_1_38' title='bbox 1655 1122 1705 1162; x_wconf 87' lang='lat' dir='ltr'><strong>et</strong></span> <span class='ocrx_word' id='word_1_39' title='bbox 1729 1115 1904 1179; x_wconf 89' lang='lat' dir='ltr'><strong>Anglis</strong></span> <span class='ocrx_word' id='word_1_40' title='bbox 1930 1116 2088 1164; x_wconf 86' lang='lat' dir='ltr'><strong>Scotis</strong></span> <span class='ocrx_word' id='word_1_41' title='bbox 2123 1123 2173 1164; x_wconf 92' lang='lat' dir='ltr'><strong>et</strong></span> <span class='ocrx_word' id='word_1_42' title='bbox 2206 1117 2321 1165; x_wconf 85' lang='lat' dir='ltr'><strong>Gal-</strong></span> 
     </span>
     <span class='ocr_line' id='line_1_6' title="bbox 387 1201 2319 1271; baseline 0.003 -21"><span class='ocrx_word' id='word_1_43' title='bbox 387 1201 668 1252; x_wconf 87' lang='lat' dir='ltr'><strong>walenfibus</strong></span> <span class='ocrx_word' id='word_1_44' title='bbox 707 1210 809 1252; x_wconf 87' lang='lat' dir='ltr'><strong>tam</strong></span> <span class='ocrx_word' id='word_1_45' title='bbox 845 1201 1043 1265; x_wconf 90' lang='lat' dir='ltr'><strong>posteris</strong></span> <span class='ocrx_word' id='word_1_46' title='bbox 1083 1220 1228 1265; x_wconf 88' lang='lat' dir='ltr'><strong>quam</strong></span> <span class='ocrx_word' id='word_1_47' title='bbox 1261 1207 1502 1253; x_wconf 85' lang='lat' dir='ltr'><strong>modernis</strong></span> <span class='ocrx_word' id='word_1_48' title='bbox 1542 1205 1745 1253; x_wconf 88' lang='lat' dir='ltr'><strong>salutem</strong></span> <span class='ocrx_word' id='word_1_49' title='bbox 1812 1207 2053 1262; x_wconf 81' lang='lat' dir='ltr'><strong>Quoniam</strong></span> <span class='ocrx_word' id='word_1_50' title='bbox 2094 1209 2154 1256; x_wconf 92' lang='lat' dir='ltr'><strong>ad</strong></span> <span class='ocrx_word' id='word_1_51' title='bbox 2188 1210 2319 1271; x_wconf 88' lang='lat' dir='ltr'><strong>regie</strong></span> 
     </span>
     <span class='ocr_line' id='line_1_7' title="bbox 385 1294 2319 1357; baseline 0.003 -15"><span class='ocrx_word' id='word_1_52' title='bbox 385 1294 634 1357; x_wconf 88' lang='lat' dir='ltr'><strong>potestatis</strong></span> <span class='ocrx_word' id='word_1_53' title='bbox 646 1297 878 1343; x_wconf 91' lang='lat' dir='ltr'><strong>honorem</strong></span> <span class='ocrx_word' id='word_1_54' title='bbox 895 1297 1122 1357; x_wconf 89' lang='lat' dir='ltr'><strong>precipue</strong></span> <span class='ocrx_word' id='word_1_55' title='bbox 1138 1295 1347 1357; x_wconf 63' lang='lat' dir='ltr'><strong>spectare</strong></span> <span class='ocrx_word' id='word_1_56' title='bbox 1372 1296 1633 1344; x_wconf 84' lang='lat' dir='ltr'><strong>dinoscitur</strong></span> <span class='ocrx_word' id='word_1_57' title='bbox 1651 1295 1869 1344; x_wconf 76' lang='lat' dir='ltr'><strong>ecclesias</strong></span> <span class='ocrx_word' id='word_1_58' title='bbox 1886 1299 2088 1347; x_wconf 87' lang='lat' dir='ltr'><strong>fundare</strong></span> <span class='ocrx_word' id='word_1_59' title='bbox 2103 1305 2154 1346; x_wconf 91' lang='lat' dir='ltr'><strong>et</strong></span> <span class='ocrx_word' id='word_1_60' title='bbox 2169 1300 2319 1347; x_wconf 87' lang='lat' dir='ltr'><strong>eccle-</strong></span> 
     </span>
     <span class='ocr_line' id='line_1_8' title="bbox 384 1385 2316 1453; baseline 0.003 -20"><span class='ocrx_word' id='word_1_61' title='bbox 384 1385 590 1434; x_wconf 90' lang='lat' dir='ltr'><strong>fiasticas</strong></span> <span class='ocrx_word' id='word_1_62' title='bbox 618 1386 841 1448; x_wconf 83' lang='lat' dir='ltr'><strong>personas</strong></span> <span class='ocrx_word' id='word_1_63' title='bbox 870 1386 1068 1448; x_wconf 90' lang='lat' dir='ltr'><strong>diligere</strong></span> <span class='ocrx_word' id='word_1_64' title='bbox 1103 1403 1158 1433; x_wconf 89' lang='lat' dir='ltr'><strong>ac</strong></span> <span class='ocrx_word' id='word_1_65' title='bbox 1192 1388 1355 1434; x_wconf 87' lang='lat' dir='ltr'><strong>fouere</strong></span> <span class='ocrx_word' id='word_1_66' title='bbox 1391 1394 1581 1449; x_wconf 91' lang='lat' dir='ltr'><strong>oportet</strong></span> <span class='ocrx_word' id='word_1_67' title='bbox 1614 1403 1702 1435; x_wconf 86' lang='lat' dir='ltr'><strong>nos</strong></span> <span class='ocrx_word' id='word_1_68' title='bbox 1737 1404 1799 1435; x_wconf 86' lang='lat' dir='ltr'><strong>ex</strong></span> <span class='ocrx_word' id='word_1_69' title='bbox 1834 1388 2039 1450; x_wconf 87' lang='lat' dir='ltr'><strong>suscepti</strong></span> <span class='ocrx_word' id='word_1_70' title='bbox 2069 1392 2316 1453; x_wconf 86' lang='lat' dir='ltr'><strong>regiminis</strong></span> 
     </span>
     <span class='ocr_line' id='line_1_9' title="bbox 384 1475 2316 1541; baseline 0.003 -17"><span class='ocrx_word' id='word_1_71' title='bbox 384 1478 538 1525; x_wconf 90' lang='lat' dir='ltr'><strong>officio</strong></span> <span class='ocrx_word' id='word_1_72' title='bbox 562 1475 770 1525; x_wconf 89' lang='lat' dir='ltr'><strong>ecclefiis</strong></span> <span class='ocrx_word' id='word_1_73' title='bbox 803 1479 939 1540; x_wconf 89' lang='lat' dir='ltr'><strong>regni</strong></span> <span class='ocrx_word' id='word_1_74' title='bbox 962 1475 1110 1523; x_wconf 86' lang='lat' dir='ltr'><strong>nostri</strong></span> <span class='ocrx_word' id='word_1_75' title='bbox 1133 1483 1322 1525; x_wconf 87' lang='lat' dir='ltr'><strong>attente</strong></span> <span class='ocrx_word' id='word_1_76' title='bbox 1344 1479 1597 1540; x_wconf 88' lang='lat' dir='ltr'><strong>prouidere</strong></span> <span class='ocrx_word' id='word_1_77' title='bbox 1626 1485 1676 1526; x_wconf 88' lang='lat' dir='ltr'><strong>et</strong></span> <span class='ocrx_word' id='word_1_78' title='bbox 1701 1479 1761 1526; x_wconf 91' lang='lat' dir='ltr'><strong>de</strong></span> <span class='ocrx_word' id='word_1_79' title='bbox 1783 1479 1878 1526; x_wconf 91' lang='lat' dir='ltr'><strong>illis</strong></span> <span class='ocrx_word' id='word_1_80' title='bbox 1903 1481 2130 1541; x_wconf 88' lang='lat' dir='ltr'><strong>precipue</strong></span> <span class='ocrx_word' id='word_1_81' title='bbox 2154 1497 2316 1529; x_wconf 87' lang='lat' dir='ltr'><strong>curam</strong></span> 
     </span>
     <span class='ocr_line' id='line_1_10' title="bbox 381 1566 2317 1633; baseline 0.002 -18"><span class='ocrx_word' id='word_1_82' title='bbox 381 1585 547 1631; x_wconf 87' lang='lat' dir='ltr'><strong>gerere</strong></span> <span class='ocrx_word' id='word_1_83' title='bbox 571 1585 663 1630; x_wconf 91' lang='lat' dir='ltr'><strong>que</strong></span> <span class='ocrx_word' id='word_1_84' title='bbox 687 1569 846 1630; x_wconf 91' lang='lat' dir='ltr'><strong>aliquo</strong></span> <span class='ocrx_word' id='word_1_85' title='bbox 867 1567 975 1616; x_wconf 88' lang='lat' dir='ltr'><strong>casu</strong></span> <span class='ocrx_word' id='word_1_86' title='bbox 992 1574 1077 1616; x_wconf 91' lang='lat' dir='ltr'><strong>aut</strong></span> <span class='ocrx_word' id='word_1_87' title='bbox 1094 1567 1242 1615; x_wconf 88' lang='lat' dir='ltr'><strong>hostis</strong></span> <span class='ocrx_word' id='word_1_88' title='bbox 1260 1566 1542 1631; x_wconf 72' lang='lat' dir='ltr'><strong>impulsione</strong></span> <span class='ocrx_word' id='word_1_89' title='bbox 1564 1571 1732 1617; x_wconf 92' lang='lat' dir='ltr'><strong>maiori</strong></span> <span class='ocrx_word' id='word_1_90' title='bbox 1755 1571 1976 1633; x_wconf 90' lang='lat' dir='ltr'><strong>indigent</strong></span> <span class='ocrx_word' id='word_1_91' title='bbox 1995 1570 2317 1620; x_wconf 85' lang='lat' dir='ltr'><strong>consolatione</strong></span> 
     </span>
     <span class='ocr_line' id='line_1_11' title="bbox 382 1658 2316 1721; baseline 0.003 -15"><span class='ocrx_word' id='word_1_92' title='bbox 382 1659 504 1707; x_wconf 92' lang='lat' dir='ltr'><strong>Inde</strong></span> <span class='ocrx_word' id='word_1_93' title='bbox 528 1658 598 1706; x_wconf 87' lang='lat' dir='ltr'><strong>est</strong></span> <span class='ocrx_word' id='word_1_94' title='bbox 622 1660 747 1721; x_wconf 91' lang='lat' dir='ltr'><strong>quod</strong></span> <span class='ocrx_word' id='word_1_95' title='bbox 783 1660 843 1706; x_wconf 91' lang='lat' dir='ltr'><strong>ad</strong></span> <span class='ocrx_word' id='word_1_96' title='bbox 870 1660 1102 1706; x_wconf 89' lang='lat' dir='ltr'><strong>honorem</strong></span> <span class='ocrx_word' id='word_1_97' title='bbox 1126 1659 1221 1707; x_wconf 92' lang='lat' dir='ltr'><strong>Dei</strong></span> <span class='ocrx_word' id='word_1_98' title='bbox 1245 1666 1295 1707; x_wconf 90' lang='lat' dir='ltr'><strong>et</strong></span> <span class='ocrx_word' id='word_1_99' title='bbox 1319 1662 1379 1707; x_wconf 90' lang='lat' dir='ltr'><strong>ad</strong></span> <span class='ocrx_word' id='word_1_100' title='bbox 1401 1662 1791 1710; x_wconf 91' lang='lat' dir='ltr'><strong>reformationem</strong></span> <span class='ocrx_word' id='word_1_101' title='bbox 1811 1659 2007 1710; x_wconf 86' lang='lat' dir='ltr'><strong>ecclefie</strong></span> <span class='ocrx_word' id='word_1_102' title='bbox 2031 1664 2091 1710; x_wconf 90' lang='lat' dir='ltr'><strong>de</strong></span> <span class='ocrx_word' id='word_1_103' title='bbox 2115 1663 2243 1711; x_wconf 85' lang='lat' dir='ltr'><strong>Scon</strong></span> <span class='ocrx_word' id='word_1_104' title='bbox 2266 1666 2316 1711; x_wconf 92' lang='lat' dir='ltr'><strong>in</strong></span> 
     </span>
     <span class='ocr_line' id='line_1_12' title="bbox 381 1750 2317 1818; baseline 0.002 -19"><span class='ocrx_word' id='word_1_105' title='bbox 381 1751 631 1814; x_wconf 90' lang='lat' dir='ltr'><strong>principali</strong></span> <span class='ocrx_word' id='word_1_106' title='bbox 654 1750 764 1798; x_wconf 89' lang='lat' dir='ltr'><strong>sede</strong></span> <span class='ocrx_word' id='word_1_107' title='bbox 786 1752 922 1814; x_wconf 91' lang='lat' dir='ltr'><strong>regni</strong></span> <span class='ocrx_word' id='word_1_108' title='bbox 956 1750 1103 1798; x_wconf 89' lang='lat' dir='ltr'><strong>nostri</strong></span> <span class='ocrx_word' id='word_1_109' title='bbox 1127 1752 1327 1798; x_wconf 87' lang='lat' dir='ltr'><strong>fundate</strong></span> <span class='ocrx_word' id='word_1_110' title='bbox 1350 1767 1495 1813; x_wconf 91' lang='lat' dir='ltr'><strong>quam</strong></span> <span class='ocrx_word' id='word_1_111' title='bbox 1517 1754 1741 1800; x_wconf 90' lang='lat' dir='ltr'><strong>incendio</strong></span> <span class='ocrx_word' id='word_1_112' title='bbox 1763 1750 1996 1801; x_wconf 86' lang='lat' dir='ltr'><strong>vastatam</strong></span> <span class='ocrx_word' id='word_1_113' title='bbox 2027 1752 2118 1802; x_wconf 85' lang='lat' dir='ltr'><strong>effe</strong></span> <span class='ocrx_word' id='word_1_114' title='bbox 2143 1768 2317 1818; x_wconf 81' lang='lat' dir='ltr'><strong>cogno·-</strong></span> 
     </span>
     <span class='ocr_line' id='line_1_13' title="bbox 382 1840 2315 1905; baseline 0.002 -15"><span class='ocrx_word' id='word_1_115' title='bbox 382 1844 538 1890; x_wconf 87' lang='lat' dir='ltr'><strong>vimus</strong></span> <span class='ocrx_word' id='word_1_116' title='bbox 580 1843 934 1890; x_wconf 88' lang='lat' dir='ltr'><strong>communicato</strong></span> <span class='ocrx_word' id='word_1_117' title='bbox 970 1840 1296 1904; x_wconf 90' lang='lat' dir='ltr'><strong>religiosorum</strong></span> <span class='ocrx_word' id='word_1_118' title='bbox 1337 1849 1387 1890; x_wconf 86' lang='lat' dir='ltr'><strong>et</strong></span> <span class='ocrx_word' id='word_1_119' title='bbox 1425 1859 1678 1905; x_wconf 90' lang='lat' dir='ltr'><strong>procerum</strong></span> <span class='ocrx_word' id='word_1_120' title='bbox 1714 1842 1982 1891; x_wconf 89' lang='lat' dir='ltr'><strong>nostrorum</strong></span> <span class='ocrx_word' id='word_1_121' title='bbox 2023 1845 2217 1893; x_wconf 88' lang='lat' dir='ltr'><strong>confilio</strong></span> <span class='ocrx_word' id='word_1_122' title='bbox 2255 1848 2315 1894; x_wconf 91' lang='lat' dir='ltr'><strong>ad</strong></span> 
     </span>
     <span class='ocr_line' id='line_1_14' title="bbox 381 1915 2315 1996; baseline 0.002 -15"><span class='ocrx_word' id='word_1_123' title='bbox 381 1933 524 1996; x_wconf 89' lang='lat' dir='ltr'><strong>ipfius</strong></span> <span class='ocrx_word' id='word_1_124' title='bbox 565 1931 761 1982; x_wconf 89' lang='lat' dir='ltr'><strong>ecclefie</strong></span> <span class='ocrx_word' id='word_1_125' title='bbox 801 1934 1082 1981; x_wconf 90' lang='lat' dir='ltr'><strong>firmitatem</strong></span> <span class='ocrx_word' id='word_1_126' title='bbox 1120 1939 1170 1981; x_wconf 92' lang='lat' dir='ltr'><strong>et</strong></span> <span class='ocrx_word' id='word_1_127' title='bbox 1211 1935 1491 1995; x_wconf 59' lang='lat' dir='ltr'><strong>provectum</strong></span> <span class='ocrx_word' id='word_1_128' title='bbox 1533 1936 1758 1983; x_wconf 89' lang='lat' dir='ltr'><strong>abbatem</strong></span> <span class='ocrx_word' id='word_1_129' title='bbox 1794 1937 1846 1983; x_wconf 92' lang='lat' dir='ltr'><strong>in</strong></span> <span class='ocrx_word' id='word_1_130' title='bbox 1882 1953 1940 1984; x_wconf 87' lang='lat' dir='ltr'><strong>ea</strong></span> <span class='ocrx_word' id='word_1_131' title='bbox 1980 1915 2315 1986; x_wconf 88' lang='lat' dir='ltr'><strong>constituimus</strong></span> 
     </span>
     <span class='ocr_line' id='line_1_15' title="bbox 381 2022 2314 2088; baseline 0.002 -15"><span class='ocrx_word' id='word_1_132' title='bbox 381 2026 654 2088; x_wconf 88' lang='lat' dir='ltr'><strong>Preuilegia</strong></span> <span class='ocrx_word' id='word_1_133' title='bbox 667 2041 779 2072; x_wconf 87' lang='lat' dir='ltr'><strong>vero</strong></span> <span class='ocrx_word' id='word_1_134' title='bbox 797 2022 1141 2072; x_wconf 81' lang='lat' dir='ltr'><strong>antecessorum</strong></span> <span class='ocrx_word' id='word_1_135' title='bbox 1159 2023 1427 2073; x_wconf 87' lang='lat' dir='ltr'><strong>nostrorum</strong></span> <span class='ocrx_word' id='word_1_136' title='bbox 1445 2027 1768 2088; x_wconf 64' lang='lat' dir='ltr'><strong>que¹predi6to</strong></span> <span class='ocrx_word' id='word_1_137' title='bbox 1786 2028 2009 2075; x_wconf 88' lang='lat' dir='ltr'><strong>incendio</strong></span> <span class='ocrx_word' id='word_1_138' title='bbox 2027 2030 2079 2075; x_wconf 91' lang='lat' dir='ltr'><strong>in</strong></span> <span class='ocrx_word' id='word_1_139' title='bbox 2096 2030 2314 2077; x_wconf 89' lang='lat' dir='ltr'><strong>fauillam</strong></span> 
     </span>
     <span class='ocr_line' id='line_1_16' title="bbox 380 2114 2315 2182; baseline 0.002 -18"><span class='ocrx_word' id='word_1_140' title='bbox 380 2118 570 2164; x_wconf 63' lang='lat' dir='ltr'><strong>redafita</strong></span> <span class='ocrx_word' id='word_1_141' title='bbox 596 2116 709 2164; x_wconf 91' lang='lat' dir='ltr'><strong>sunt</strong></span> <span class='ocrx_word' id='word_1_142' title='bbox 741 2115 883 2179; x_wconf 88' lang='lat' dir='ltr'><strong>figilli</strong></span> <span class='ocrx_word' id='word_1_143' title='bbox 916 2114 1063 2163; x_wconf 88' lang='lat' dir='ltr'><strong>nostri</strong></span> <span class='ocrx_word' id='word_1_144' title='bbox 1092 2118 1359 2164; x_wconf 89' lang='lat' dir='ltr'><strong>munimine</strong></span> <span class='ocrx_word' id='word_1_145' title='bbox 1389 2118 1726 2164; x_wconf 88' lang='lat' dir='ltr'><strong>innouauimus</strong></span> <span class='ocrx_word' id='word_1_146' title='bbox 1760 2118 1889 2166; x_wconf 90' lang='lat' dir='ltr'><strong>bona</strong></span> <span class='ocrx_word' id='word_1_147' title='bbox 1918 2134 2031 2166; x_wconf 82' lang='lat' dir='ltr'><strong>vero</strong></span> <span class='ocrx_word' id='word_1_148' title='bbox 2067 2126 2118 2167; x_wconf 92' lang='lat' dir='ltr'><strong>et</strong></span> <span class='ocrx_word' id='word_1_149' title='bbox 2148 2119 2315 2182; x_wconf 86' lang='lat' dir='ltr'><strong>poffes-</strong></span> 
     </span>
     <span class='ocr_line' id='line_1_17' title="bbox 380 2205 2315 2274; baseline 0.002 -19"><span class='ocrx_word' id='word_1_150' title='bbox 380 2206 532 2256; x_wconf 86' lang='lat' dir='ltr'><strong>fiones</strong></span> <span class='ocrx_word' id='word_1_151' title='bbox 555 2214 606 2255; x_wconf 90' lang='lat' dir='ltr'><strong>et</strong></span> <span class='ocrx_word' id='word_1_152' title='bbox 628 2209 877 2255; x_wconf 90' lang='lat' dir='ltr'><strong>libertates</strong></span> <span class='ocrx_word' id='word_1_153' title='bbox 907 2209 1065 2255; x_wconf 89' lang='lat' dir='ltr'><strong>eidem</strong></span> <span class='ocrx_word' id='word_1_154' title='bbox 1095 2205 1291 2271; x_wconf 86' lang='lat' dir='ltr'><strong>ecclefie</strong></span> <span class='ocrx_word' id='word_1_155' title='bbox 1314 2209 1374 2256; x_wconf 91' lang='lat' dir='ltr'><strong>ab</strong></span> <span class='ocrx_word' id='word_1_156' title='bbox 1398 2206 1766 2256; x_wconf 74' lang='lat' dir='ltr'><strong>antecessoribus</strong></span> <span class='ocrx_word' id='word_1_157' title='bbox 1793 2208 1966 2258; x_wconf 88' lang='lat' dir='ltr'><strong>nostris</strong></span> <span class='ocrx_word' id='word_1_158' title='bbox 1988 2227 2102 2274; x_wconf 87' lang='lat' dir='ltr'><strong>rege</strong></span> <span class='ocrx_word' id='word_1_159' title='bbox 2134 2209 2315 2260; x_wconf 90' lang='lat' dir='ltr'><strong>scilicet</strong></span> 
     </span>
     <span class='ocr_line' id='line_1_18' title="bbox 380 2298 2313 2363; baseline 0.002 -16"><span class='ocrx_word' id='word_1_160' title='bbox 380 2299 661 2347; x_wconf 90' lang='lat' dir='ltr'><strong>Alexandro</strong></span> <span class='ocrx_word' id='word_1_161' title='bbox 684 2300 810 2346; x_wconf 90' lang='lat' dir='ltr'><strong>bone</strong></span> <span class='ocrx_word' id='word_1_162' title='bbox 831 2300 1061 2347; x_wconf 84' lang='lat' dir='ltr'><strong>memorie</strong></span> <span class='ocrx_word' id='word_1_163' title='bbox 1084 2301 1188 2346; x_wconf 90' lang='lat' dir='ltr'><strong>uiro</strong></span> <span class='ocrx_word' id='word_1_164' title='bbox 1213 2305 1263 2346; x_wconf 91' lang='lat' dir='ltr'><strong>et</strong></span> <span class='ocrx_word' id='word_1_165' title='bbox 1286 2298 1458 2346; x_wconf 85' lang='lat' dir='ltr'><strong>illustri</strong></span> <span class='ocrx_word' id='word_1_166' title='bbox 1491 2315 1605 2363; x_wconf 92' lang='lat' dir='ltr'><strong>rege</strong></span> <span class='ocrx_word' id='word_1_167' title='bbox 1630 2300 1792 2348; x_wconf 91' lang='lat' dir='ltr'><strong>Dauid</strong></span> <span class='ocrx_word' id='word_1_168' title='bbox 1815 2311 1908 2349; x_wconf 88' lang='lat' dir='ltr'><strong>auo</strong></span> <span class='ocrx_word' id='word_1_169' title='bbox 1939 2300 2099 2349; x_wconf 88' lang='lat' dir='ltr'><strong>nostro</strong></span> <span class='ocrx_word' id='word_1_170' title='bbox 2123 2318 2313 2350; x_wconf 90' lang='lat' dir='ltr'><strong>necnon</strong></span> 
     </span>
     <span class='ocr_line' id='line_1_19' title="bbox 380 2387 2316 2442; baseline 0.001 -3"><span class='ocrx_word' id='word_1_171' title='bbox 380 2399 431 2439; x_wconf 85' lang='lat' dir='ltr'><strong>et</strong></span> <span class='ocrx_word' id='word_1_172' title='bbox 454 2408 483 2439; x_wconf 88' lang='lat' dir='ltr'><strong>a</strong></span> <span class='ocrx_word' id='word_1_173' title='bbox 504 2392 642 2438; x_wconf 90' lang='lat' dir='ltr'><strong>nobis</strong></span> <span class='ocrx_word' id='word_1_174' title='bbox 666 2391 865 2438; x_wconf 89' lang='lat' dir='ltr'><strong>collatas</strong></span> <span class='ocrx_word' id='word_1_175' title='bbox 890 2392 1047 2437; x_wconf 89' lang='lat' dir='ltr'><strong>eidem</strong></span> <span class='ocrx_word' id='word_1_176' title='bbox 1070 2387 1267 2438; x_wconf 89' lang='lat' dir='ltr'><strong>ecclefie</strong></span> <span class='ocrx_word' id='word_1_177' title='bbox 1291 2396 1342 2438; x_wconf 88' lang='lat' dir='ltr'><strong>et</strong></span> <span class='ocrx_word' id='word_1_178' title='bbox 1365 2391 1528 2438; x_wconf 87' lang='lat' dir='ltr'><strong>abbati</strong></span> <span class='ocrx_word' id='word_1_179' title='bbox 1552 2397 1603 2438; x_wconf 94' lang='lat' dir='ltr'><strong>et</strong></span> <span class='ocrx_word' id='word_1_180' title='bbox 1626 2394 1868 2440; x_wconf 88' lang='lat' dir='ltr'><strong>canonicis</strong></span> <span class='ocrx_word' id='word_1_181' title='bbox 1891 2393 2073 2440; x_wconf 89' lang='lat' dir='ltr'><strong>ibidem</strong></span> <span class='ocrx_word' id='word_1_182' title='bbox 2096 2393 2203 2441; x_wconf 93' lang='lat' dir='ltr'><strong>Deo</strong></span> <span class='ocrx_word' id='word_1_183' title='bbox 2221 2393 2316 2442; x_wconf 89' lang='lat' dir='ltr'><strong>ser-</strong></span> 
     </span>
     <span class='ocr_line' id='line_1_20' title="bbox 379 2480 2314 2544; baseline 0.002 -14"><span class='ocrx_word' id='word_1_184' title='bbox 379 2483 625 2530; x_wconf 87' lang='lat' dir='ltr'><strong>uientibus</strong></span> <span class='ocrx_word' id='word_1_185' title='bbox 653 2487 703 2529; x_wconf 91' lang='lat' dir='ltr'><strong>et</strong></span> <span class='ocrx_word' id='word_1_186' title='bbox 725 2480 972 2529; x_wconf 88' lang='lat' dir='ltr'><strong>seruituris</strong></span> <span class='ocrx_word' id='word_1_187' title='bbox 994 2483 1046 2528; x_wconf 91' lang='lat' dir='ltr'><strong>in</strong></span> <span class='ocrx_word' id='word_1_188' title='bbox 1068 2487 1357 2544; x_wconf 87' lang='lat' dir='ltr'><strong>perpetuum</strong></span> <span class='ocrx_word' id='word_1_189' title='bbox 1382 2482 1550 2529; x_wconf 90' lang='lat' dir='ltr'><strong>damus</strong></span> <span class='ocrx_word' id='word_1_190' title='bbox 1573 2488 1624 2530; x_wconf 91' lang='lat' dir='ltr'><strong>et</strong></span> <span class='ocrx_word' id='word_1_191' title='bbox 1658 2484 1967 2531; x_wconf 88' lang='lat' dir='ltr'><strong>concedimus</strong></span> <span class='ocrx_word' id='word_1_192' title='bbox 1992 2489 2042 2532; x_wconf 93' lang='lat' dir='ltr'><strong>et</strong></span> <span class='ocrx_word' id='word_1_193' title='bbox 2066 2485 2314 2534; x_wconf 90' lang='lat' dir='ltr'><strong>confirma-</strong></span> 
     </span>
     <span class='ocr_line' id='line_1_21' title="bbox 378 2571 2313 2637; baseline 0.002 -16"><span class='ocrx_word' id='word_1_194' title='bbox 378 2589 486 2621; x_wconf 88' lang='lat' dir='ltr'><strong>mus</strong></span> <span class='ocrx_word' id='word_1_195' title='bbox 554 2572 784 2635; x_wconf 68' lang='lat' dir='ltr'><strong>Inspeffis</strong></span> <span class='ocrx_word' id='word_1_196' title='bbox 816 2571 1051 2634; x_wconf 89' lang='lat' dir='ltr'><strong>fiquidem</strong></span> <span class='ocrx_word' id='word_1_197' title='bbox 1079 2573 1453 2636; x_wconf 79' lang='lat' dir='ltr'><strong>preuilegiorum</strong></span> <span class='ocrx_word' id='word_1_198' title='bbox 1483 2574 1807 2635; x_wconf 77' lang='lat' dir='ltr'><strong>predi6torum</strong></span> <span class='ocrx_word' id='word_1_199' title='bbox 1835 2574 2132 2637; x_wconf 91' lang='lat' dir='ltr'><strong>transcriptis</strong></span> <span class='ocrx_word' id='word_1_200' title='bbox 2168 2578 2313 2625; x_wconf 90' lang='lat' dir='ltr'><strong>dona-</strong></span> 
     </span>
     <span class='ocr_line' id='line_1_22' title="bbox 379 2661 2313 2727; baseline 0.002 -15"><span class='ocrx_word' id='word_1_201' title='bbox 379 2666 538 2712; x_wconf 90' lang='lat' dir='ltr'><strong>tiones</strong></span> <span class='ocrx_word' id='word_1_202' title='bbox 560 2665 768 2726; x_wconf 87' lang='lat' dir='ltr'><strong>prefatas</strong></span> <span class='ocrx_word' id='word_1_203' title='bbox 790 2669 934 2726; x_wconf 93' lang='lat' dir='ltr'><strong>prout</strong></span> <span class='ocrx_word' id='word_1_204' title='bbox 958 2664 1115 2711; x_wconf 90' lang='lat' dir='ltr'><strong>eidem</strong></span> <span class='ocrx_word' id='word_1_205' title='bbox 1139 2661 1336 2711; x_wconf 89' lang='lat' dir='ltr'><strong>ecclefie</strong></span> <span class='ocrx_word' id='word_1_206' title='bbox 1359 2680 1388 2711; x_wconf 89' lang='lat' dir='ltr'><strong>a</strong></span> <span class='ocrx_word' id='word_1_207' title='bbox 1409 2665 1632 2725; x_wconf 69' lang='lat' dir='ltr'><strong>prediffls</strong></span> <span class='ocrx_word' id='word_1_208' title='bbox 1655 2665 1847 2727; x_wconf 91' lang='lat' dir='ltr'><strong>regibus</strong></span> <span class='ocrx_word' id='word_1_209' title='bbox 1866 2671 1916 2713; x_wconf 90' lang='lat' dir='ltr'><strong>et</strong></span> <span class='ocrx_word' id='word_1_210' title='bbox 1934 2682 1962 2713; x_wconf 89' lang='lat' dir='ltr'><strong>a</strong></span> <span class='ocrx_word' id='word_1_211' title='bbox 1978 2668 2115 2713; x_wconf 91' lang='lat' dir='ltr'><strong>nobis</strong></span> <span class='ocrx_word' id='word_1_212' title='bbox 2139 2667 2313 2715; x_wconf 91' lang='lat' dir='ltr'><strong>collate</strong></span> 
     </span>
     <span class='ocr_line' id='line_1_23' title="bbox 379 2752 2311 2821; baseline 0.001 -18"><span class='ocrx_word' id='word_1_213' title='bbox 379 2754 489 2803; x_wconf 89' lang='lat' dir='ltr'><strong>sunt</strong></span> <span class='ocrx_word' id='word_1_214' title='bbox 511 2757 562 2802; x_wconf 91' lang='lat' dir='ltr'><strong>in</strong></span> <span class='ocrx_word' id='word_1_215' title='bbox 584 2754 794 2816; x_wconf 88' lang='lat' dir='ltr'><strong>presenti</strong></span> <span class='ocrx_word' id='word_1_216' title='bbox 821 2755 1095 2802; x_wconf 91' lang='lat' dir='ltr'><strong>ordinamus</strong></span> <span class='ocrx_word' id='word_1_217' title='bbox 1128 2756 1303 2817; x_wconf 87' lang='lat' dir='ltr'><strong>pagina</strong></span> <span class='ocrx_word' id='word_1_218' title='bbox 1369 2752 1468 2802; x_wconf 89' lang='lat' dir='ltr'><strong>Ista</strong></span> <span class='ocrx_word' id='word_1_219' title='bbox 1491 2756 1684 2815; x_wconf 91' lang='lat' dir='ltr'><strong>quidem</strong></span> <span class='ocrx_word' id='word_1_220' title='bbox 1707 2756 1892 2816; x_wconf 89' lang='lat' dir='ltr'><strong>prefate</strong></span> <span class='ocrx_word' id='word_1_221' title='bbox 1915 2755 2111 2804; x_wconf 79' lang='lat' dir='ltr'><strong>ecclefie</strong></span> <span class='ocrx_word' id='word_1_222' title='bbox 2141 2774 2170 2804; x_wconf 90' lang='lat' dir='ltr'><strong>a</strong></span> <span class='ocrx_word' id='word_1_223' title='bbox 2199 2774 2311 2821; x_wconf 90' lang='lat' dir='ltr'><strong>rege</strong></span> 
     </span>
     <span class='ocr_line' id='line_1_24' title="bbox 381 2844 2310 2907; baseline 0.001 -13"><span class='ocrx_word' id='word_1_224' title='bbox 381 2846 662 2894; x_wconf 86' lang='lat' dir='ltr'><strong>Alexandro</strong></span> <span class='ocrx_word' id='word_1_225' title='bbox 685 2845 863 2893; x_wconf 88' lang='lat' dir='ltr'><strong>collata</strong></span> <span class='ocrx_word' id='word_1_226' title='bbox 882 2844 995 2892; x_wconf 91' lang='lat' dir='ltr'><strong>sunt</strong></span> <span class='ocrx_word' id='word_1_227' title='bbox 1017 2845 1252 2893; x_wconf 91' lang='lat' dir='ltr'><strong>Inuerbos</strong></span> <span class='ocrx_word' id='word_1_228' title='bbox 1276 2861 1387 2893; x_wconf 91' lang='lat' dir='ltr'><strong>cum</strong></span> <span class='ocrx_word' id='word_1_229' title='bbox 1410 2847 1621 2907; x_wconf 89' lang='lat' dir='ltr'><strong>quinque</strong></span> <span class='ocrx_word' id='word_1_230' title='bbox 1653 2849 1886 2894; x_wconf 86' lang='lat' dir='ltr'><strong>carucatis</strong></span> <span class='ocrx_word' id='word_1_231' title='bbox 1920 2853 2047 2895; x_wconf 89' lang='lat' dir='ltr'><strong>terre</strong></span> <span class='ocrx_word' id='word_1_232' title='bbox 2071 2847 2310 2895; x_wconf 81' lang='lat' dir='ltr'><strong>Bencorin</strong></span> 
     </span>
     <span class='ocr_line' id='line_1_25' title="bbox 382 2936 2309 2986; baseline 0 -1"><span class='ocrx_word' id='word_1_233' title='bbox 382 2953 494 2986; x_wconf 90' lang='lat' dir='ltr'><strong>cum</strong></span> <span class='ocrx_word' id='word_1_234' title='bbox 515 2937 670 2984; x_wconf 85' lang='lat' dir='ltr'><strong>tribus</strong></span> <span class='ocrx_word' id='word_1_235' title='bbox 694 2938 926 2984; x_wconf 89' lang='lat' dir='ltr'><strong>carucatis</strong></span> <span class='ocrx_word' id='word_1_236' title='bbox 948 2942 1078 2984; x_wconf 91' lang='lat' dir='ltr'><strong>terre</strong></span> <span class='ocrx_word' id='word_1_237' title='bbox 1092 2936 1325 2983; x_wconf 88' lang='lat' dir='ltr'><strong>Fotheros</strong></span> <span class='ocrx_word' id='word_1_238' title='bbox 1343 2952 1454 2984; x_wconf 92' lang='lat' dir='ltr'><strong>cum</strong></span> <span class='ocrx_word' id='word_1_239' title='bbox 1468 2952 1566 2985; x_wconf 77' lang='lat' dir='ltr'><strong>vna</strong></span> <span class='ocrx_word' id='word_1_240' title='bbox 1583 2943 1803 2985; x_wconf 88' lang='lat' dir='ltr'><strong>carucata</strong></span> <span class='ocrx_word' id='word_1_241' title='bbox 1826 2943 1953 2985; x_wconf 91' lang='lat' dir='ltr'><strong>terre</strong></span> <span class='ocrx_word' id='word_1_242' title='bbox 1972 2938 2309 2986; x_wconf 90' lang='lat' dir='ltr'><strong>Kinnochtred</strong></span> 
     </span>
     <span class='ocr_line' id='line_1_26' title="bbox 382 3014 2307 3089; baseline 0 -12"><span class='ocrx_word' id='word_1_243' title='bbox 382 3044 493 3077; x_wconf 93' lang='lat' dir='ltr'><strong>cum</strong></span> <span class='ocrx_word' id='word_1_244' title='bbox 510 3043 605 3075; x_wconf 81' lang='lat' dir='ltr'><strong>vna</strong></span> <span class='ocrx_word' id='word_1_245' title='bbox 626 3032 849 3075; x_wconf 90' lang='lat' dir='ltr'><strong>carucata</strong></span> <span class='ocrx_word' id='word_1_246' title='bbox 869 3027 998 3074; x_wconf 82' lang='lat' dir='ltr'><strong>terre</strong></span> <span class='ocrx_word' id='word_1_247' title='bbox 1022 3014 1227 3089; x_wconf 76' lang='lat' dir='ltr'><strong>Fingaik</strong></span> <span class='ocrx_word' id='word_1_248' title='bbox 1251 3042 1363 3074; x_wconf 92' lang='lat' dir='ltr'><strong>cum</strong></span> <span class='ocrx_word' id='word_1_249' title='bbox 1377 3042 1471 3074; x_wconf 87' lang='lat' dir='ltr'><strong>vna</strong></span> <span class='ocrx_word' id='word_1_250' title='bbox 1488 3034 1710 3075; x_wconf 89' lang='lat' dir='ltr'><strong>carucata</strong></span> <span class='ocrx_word' id='word_1_251' title='bbox 1734 3027 2004 3075; x_wconf 91' lang='lat' dir='ltr'><strong>Dufrochin</strong></span> <span class='ocrx_word' id='word_1_252' title='bbox 2027 3044 2138 3075; x_wconf 92' lang='lat' dir='ltr'><strong>cum</strong></span> <span class='ocrx_word' id='word_1_253' title='bbox 2156 3030 2307 3078; x_wconf 90' lang='lat' dir='ltr'><strong>tribus</strong></span> 
     </span>
     <span class='ocr_line' id='line_1_27' title="bbox 382 3106 2307 3168; baseline 0 0"><span class='ocrx_word' id='word_1_254' title='bbox 382 3106 614 3168; x_wconf 86' lang='lat' dir='ltr'><strong>carucatis</strong></span> <span class='ocrx_word' id='word_1_255' title='bbox 638 3119 790 3166; x_wconf 84' lang='lat' dir='ltr'><strong>Cloen</strong></span> <span class='ocrx_word' id='word_1_256' title='bbox 813 3133 925 3166; x_wconf 91' lang='lat' dir='ltr'><strong>cum</strong></span> <span class='ocrx_word' id='word_1_257' title='bbox 946 3118 1099 3165; x_wconf 86' lang='lat' dir='ltr'><strong>tribus</strong></span> <span class='ocrx_word' id='word_1_258' title='bbox 1123 3120 1355 3166; x_wconf 88' lang='lat' dir='ltr'><strong>carucatis</strong></span> <span class='ocrx_word' id='word_1_259' title='bbox 1379 3117 1483 3164; x_wconf 84' lang='lat' dir='ltr'><strong>Liff</strong></span> <span class='ocrx_word' id='word_1_260' title='bbox 1498 3134 1608 3166; x_wconf 90' lang='lat' dir='ltr'><strong>cum</strong></span> <span class='ocrx_word' id='word_1_261' title='bbox 1630 3118 1712 3165; x_wconf 84' lang='lat' dir='ltr'><strong>sex</strong></span> <span class='ocrx_word' id='word_1_262' title='bbox 1736 3120 1967 3166; x_wconf 87' lang='lat' dir='ltr'><strong>carucatis</strong></span> <span class='ocrx_word' id='word_1_263' title='bbox 1987 3119 2174 3166; x_wconf 89' lang='lat' dir='ltr'><strong>Grudin</strong></span> <span class='ocrx_word' id='word_1_264' title='bbox 2197 3137 2307 3168; x_wconf 89' lang='lat' dir='ltr'><strong>cum</strong></span> 
     </span>
     <span class='ocr_line' id='line_1_28' title="bbox 383 3208 2308 3271; baseline 0.001 -13"><span class='ocrx_word' id='word_1_265' title='bbox 383 3212 550 3258; x_wconf 89' lang='lat' dir='ltr'><strong>decem</strong></span> <span class='ocrx_word' id='word_1_266' title='bbox 585 3210 817 3258; x_wconf 89' lang='lat' dir='ltr'><strong>carucatis</strong></span> <span class='ocrx_word' id='word_1_267' title='bbox 851 3208 1209 3271; x_wconf 91' lang='lat' dir='ltr'><strong>Inuergoueren</strong></span> <span class='ocrx_word' id='word_1_268' title='bbox 1243 3225 1354 3257; x_wconf 90' lang='lat' dir='ltr'><strong>cum</strong></span> <span class='ocrx_word' id='word_1_269' title='bbox 1390 3210 1543 3256; x_wconf 89' lang='lat' dir='ltr'><strong>tribus</strong></span> <span class='ocrx_word' id='word_1_270' title='bbox 1583 3211 1815 3256; x_wconf 89' lang='lat' dir='ltr'><strong>carucatis</strong></span> <span class='ocrx_word' id='word_1_271' title='bbox 1855 3215 1905 3256; x_wconf 89' lang='lat' dir='ltr'><strong>et</strong></span> <span class='ocrx_word' id='word_1_272' title='bbox 1940 3211 2149 3271; x_wconf 90' lang='lat' dir='ltr'><strong>quinque</strong></span> <span class='ocrx_word' id='word_1_273' title='bbox 2182 3213 2308 3260; x_wconf 88' lang='lat' dir='ltr'><strong>tofta</strong></span> 
     </span>
     <span class='ocr_line' id='line_1_29' title="bbox 383 3299 2307 3364; baseline 0.001 -15"><span class='ocrx_word' id='word_1_274' title='bbox 383 3311 534 3349; x_wconf 81' lang='lat' dir='ltr'><strong>vnum</strong></span> <span class='ocrx_word' id='word_1_275' title='bbox 565 3303 691 3364; x_wconf 92' lang='lat' dir='ltr'><strong>apud</strong></span> <span class='ocrx_word' id='word_1_276' title='bbox 722 3301 1003 3362; x_wconf 89' lang='lat' dir='ltr'><strong>Edinburgh</strong></span> <span class='ocrx_word' id='word_1_277' title='bbox 1037 3315 1186 3346; x_wconf 86' lang='lat' dir='ltr'><strong>vnum</strong></span> <span class='ocrx_word' id='word_1_278' title='bbox 1221 3301 1349 3362; x_wconf 88' lang='lat' dir='ltr'><strong>apud</strong></span> <span class='ocrx_word' id='word_1_279' title='bbox 1383 3299 1616 3347; x_wconf 85' lang='lat' dir='ltr'><strong>Striuelin</strong></span> <span class='ocrx_word' id='word_1_280' title='bbox 1650 3315 1797 3347; x_wconf 85' lang='lat' dir='ltr'><strong>vnum</strong></span> <span class='ocrx_word' id='word_1_281' title='bbox 1832 3301 1958 3362; x_wconf 88' lang='lat' dir='ltr'><strong>apud</strong></span> <span class='ocrx_word' id='word_1_282' title='bbox 1998 3300 2307 3351; x_wconf 89' lang='lat' dir='ltr'><strong>Inuerkethit</strong></span> 
     </span>
     <span class='ocr_line' id='line_1_30' title="bbox 381 3390 2305 3455; baseline 0 -15"><span class='ocrx_word' id='word_1_283' title='bbox 381 3406 533 3440; x_wconf 78' lang='lat' dir='ltr'><strong>vnum</strong></span> <span class='ocrx_word' id='word_1_284' title='bbox 560 3393 687 3454; x_wconf 84' lang='lat' dir='ltr'><strong>apud</strong></span> <span class='ocrx_word' id='word_1_285' title='bbox 721 3391 872 3439; x_wconf 89' lang='lat' dir='ltr'><strong>Perth</strong></span> <span class='ocrx_word' id='word_1_286' title='bbox 903 3406 1051 3438; x_wconf 87' lang='lat' dir='ltr'><strong>vnum</strong></span> <span class='ocrx_word' id='word_1_287' title='bbox 1075 3391 1201 3452; x_wconf 88' lang='lat' dir='ltr'><strong>apud</strong></span> <span class='ocrx_word' id='word_1_288' title='bbox 1229 3390 1459 3438; x_wconf 88' lang='lat' dir='ltr'><strong>Aberdon</strong></span> <span class='ocrx_word' id='word_1_289' title='bbox 1494 3396 1544 3438; x_wconf 89' lang='lat' dir='ltr'><strong>et</strong></span> <span class='ocrx_word' id='word_1_290' title='bbox 1572 3391 1667 3438; x_wconf 91' lang='lat' dir='ltr'><strong>duo</strong></span> <span class='ocrx_word' id='word_1_291' title='bbox 1700 3392 1822 3439; x_wconf 89' lang='lat' dir='ltr'><strong>retia</strong></span> <span class='ocrx_word' id='word_1_292' title='bbox 1853 3390 1993 3453; x_wconf 82' lang='lat' dir='ltr'><strong>super</strong></span> <span class='ocrx_word' id='word_1_293' title='bbox 2025 3391 2125 3455; x_wconf 87' lang='lat' dir='ltr'><strong>Tey</strong></span> <span class='ocrx_word' id='word_1_294' title='bbox 2158 3409 2305 3440; x_wconf 88' lang='lat' dir='ltr'><strong>vnum</strong></span> 
     </span>
    </p>
   </div>
  </div>
 </body>
</html>
