2982 4016
410 528 780 563 REG.ALEX.11.
967 514 1017 562 s.
1053 476 1451 561 TRINITATIS
1487 511 1580 559 DE
1615 501 1812 560 sco'N.
2297 519 2357 566 49

409 647 634 695 videlicet
669 648 976 710 quatraginta
1010 648 1228 694 denarios
1262 647 1323 693 ad
1361 643 1673 707 pentecosten
1709 650 1760 692 et
1794 645 2100 708 quatraginta
2134 646 2352 693 denarios

406 740 467 787 ad
490 737 663 787 festum
697 737 845 787 sancti
880 741 1075 787 martini
1098 740 1149 786 in
1172 754 1311 801 yeme
1344 754 1430 800 pro
1464 738 1595 784 omni
1629 736 1822 784 servitio
1847 743 1897 784 et
1922 735 2268 785 consuetudine
2301 745 2351 784 et

406 832 644 879 demanda
666 829 797 878 saluo
832 833 936 879 iure
971 829 1224 879 cuiussibet
1292 830 1370 877 Ita
1405 837 1569 878 tamen
1603 831 1731 893 quod
1755 828 1791 877 fi
1815 831 1987 892 aliquis
2023 831 2250 878 clamium
2274 831 2352 878 vel

404 923 727 986 calumpniam
751 924 802 970 in
825 924 952 971 ᾶίἃα
985 929 1114 970 terra
1146 937 1338 969 movere
1362 922 1568 969 voluerit
1603 921 1743 970 causa
1775 923 1904 970 inter
1938 922 2185 986 litigantes
2220 929 2354 970 mota

403 1031 489 1077 per
511 1017 690 1063 wtizam
709 1015 865 1078 legem
886 1022 937 1063 et
959 1012 1142 1062 affisam
1157 1021 1284 1062 terre
1300 1015 1350 1061 in
1365 1013 1511 1061 Curia
1527 1012 1687 1062 nostra
1703 1015 1850 1061 finem
1869 1015 2086 1062 debitum
2104 1013 2355 1061 sortiretur

404 1106 516 1154 Hiis
539 1106 741 1155 testibus
775 1108 981 1154 dominis
1005 1106 1225 1155 Galfrido
1249 1113 1300 1154 et
1323 1106 1578 1153 Clemente
1613 1106 1673 1153 de
1697 1105 1996 1169 Dunkeldyn
2031 1113 2082 1154 et
2117 1107 2178 1154 de
2214 1106 2351 1153 Dun-

402 1199 515 1247 blan
551 1198 797 1262 Episcopis
826 1199 1090 1246 Laurentio
1126 1199 1186 1246 de
1209 1198 1471 1246 Abirnethi
1499 1197 1532 1244 J
1535 1198 1723 1244 ohanne
1758 1204 1809 1245 et
1834 1197 2087 1245 Willelmo
2124 1200 2184 1246 de
2210 1198 2352 1261 Haya

402 1290 655 1338 Willelmo
679 1292 739 1338 de
762 1290 914 1338 Bosco
939 1290 1177 1339 Duncano
1213 1296 1264 1337 et
1299 1288 1497 1337 Sibaldo
1530 1288 1641 1335 filiis
1666 1287 1878 1335 Walteri
1903 1289 2115 1352 Symone
2143 1292 2204 1338 de
2228 1289 2349 1353 Nyfi

401 1382 635 1446 Magistro
658 1381 822 1432 Adam
856 1383 917 1429 de
942 1379 1290 1429 Malcaruester
1325 1378 1559 1443 Magistro
1595 1379 1808 1442 Symone
1844 1381 1904 1427 de
1928 1381 2210 1445 Carniwyth
2240 1383 2350 1430 Ma-

397 1472 543 1537 gistro
562 1476 706 1539 ynoie
722 1473 937 1523 Henrico
955 1473 1055 1520 filio
1071 1473 1278 1521 Galfridi
1291 1472 1324 1520 J
1326 1473 1475 1521 acobo
1494 1473 1554 1519 de
1574 1471 1774 1519 Neuilla
1787 1472 1995 1520 Ricardo
2014 1474 2074 1521 de
2094 1474 2352 1537 Leycester

400 1564 635 1629 Magistro
658 1565 843 1613 Thoma
866 1566 926 1613 de
949 1566 1062 1620 mar
1084 1571 1135 1613 et
1158 1564 1278 1613 aliis.

399 1749 715 1797 Confirmatio
755 1749 933 1813 Rogeri
980 1750 1042 1797 de
1082 1748 1260 1806 Quinci
1307 1749 1497 1797 comitis
1536 1747 1793 1796 Wintonie
1840 1749 1900 1796 de
1947 1755 2075 1798 terra
2121 1766 2215 1812 que
2255 1752 2349 1799 fuit

342 1853 345 1857 ’
401 1841 641 1889 Willelmi
667 1842 728 1889 de
751 1841 872 1889 Len.

305 2032 367 2074 80

407 2010 672 2074 Univerfis
702 2024 923 2073 fidelibus
958 2025 1043 2073 has
1077 2025 1265 2073 litteras
1289 2023 1457 2072 visuris
1482 2025 1559 2072 vel
1583 2024 1819 2072 audituris
1844 2024 2063 2089 Rogerus
2088 2027 2147 2074 de
2172 2027 2349 2083 Quinci

401 2132 562 2165 comes
602 2116 858 2164 Wintonie
898 2114 1291 2164 Constabillarius
1328 2115 1492 2164 Scotie
1530 2115 1734 2164 salutem
1820 2116 2028 2164 Noverit
2067 2117 2350 2167 universitas

403 2208 556 2257 vestra
578 2223 664 2256 nos
687 2206 955 2257 conceffifl'e
979 2215 1030 2257 et
1052 2209 1143 2257 hac
1177 2207 1387 2271 presenti
1421 2214 1555 2256 carta
1588 2207 1749 2256 nostra
1782 2207 2077 2257 confirmaffe
2100 2211 2263 2258 abbati
2289 2213 2349 2259 de

401 2302 561 2350 Scona
584 2307 635 2348 et
658 2302 898 2349 canonicis
932 2301 1112 2348 ibidem
1136 2300 1244 2348 Deo
1276 2298 1592 2348 servientibus
1626 2306 1678 2347 et
1710 2299 1955 2348 servituris
1987 2302 2038 2348 in
2060 2310 2350 2365 perpetuum

402 2400 582 2441 terram
616 2408 710 2455 que
734 2393 976 2454 quondam
1011 2393 1105 2440 fuit
1129 2391 1370 2440 Willelmi
1394 2393 1454 2440 de
1480 2391 1587 2440 Len
1609 2393 1661 2439 in
1684 2392 1800 2440 villa
1822 2393 1883 2440 de
1908 2382 2058 2441 Perth
2082 2396 2141 2442 ad
2167 2395 2350 2444 consta-

401 2486 640 2533 billariam
664 2484 830 2532 Scotie
863 2486 1191 2547 pertinentem
1226 2499 1370 2546 quam
1394 2485 1548 2531 dictus
1573 2483 1856 2532 Willelmus
1892 2486 1960 2533 eis
1995 2487 2202 2534 contulit
2226 2486 2348 2535 ficut

402 2579 452 2625 in
477 2584 608 2625 carta
630 2577 831 2639 predicti
856 2576 1097 2624 Willelmi
1132 2577 1269 2624 dietis
1304 2576 1546 2624 canonicis
1580 2577 1694 2624 inde
1729 2578 1947 2625 confecta
1980 2578 2170 2640 plenius
2195 2583 2348 2627 conti-

401 2676 546 2717 netur
570 2676 620 2717 et
643 2667 766 2716 ficut
789 2675 923 2717 carta
945 2668 1096 2716 Alani
1118 2669 1202 2731 filij
1229 2668 1438 2716 Rolandi
1472 2667 1599 2716 bone
1632 2671 1864 2717 memorie
1899 2671 2140 2731 quondam
2166 2670 2348 2719 consta-

401 2761 558 2810 bilarii
582 2760 751 2808 Scocie
778 2761 991 2822 predicto
1016 2758 1271 2808 Willelmo
1293 2760 1407 2808 inde
1430 2760 1649 2808 confecta
1681 2762 1868 2823 prefato
1894 2761 2148 2810 Willelmo
2182 2765 2347 2825 plena-

403 2854 585 2900 nariam
627 2853 834 2900 faciendi
875 2851 1130 2916 affignatos
1170 2853 1379 2901 contulit
1419 2849 1710 2914 potestatem
1744 2868 1811 2915 v3.
1847 2859 2025 2901 terram
2062 2855 2194 2902 illam
2232 2871 2343 2902 cum

403 2945 545 2991 domo
582 2943 769 3005 lapidea
799 2945 850 2990 in
878 2944 984 2991 vico
1014 2945 1098 3006 qui
1135 2944 1352 3007 procedit
1389 2944 1450 2991 de
1486 2959 1662 3007 magna
1684 2945 1763 2992 via
1801 2945 2067 3006 aquilonari
2106 2949 2341 2995 tendente

402 3034 562 3084 versus
584 3032 788 3082 insulam
811 3050 906 3096 que
918 3035 1052 3096 jacet
1074 3037 1203 3083 inter
1219 3035 1402 3084 dictum
1415 3036 1576 3083 vicum
1596 3041 1647 3083 et
1665 3051 1837 3097 aquam
1862 3037 1921 3083 de
1936 3037 2037 3099 Tay
2051 3053 2118 3099 νᾳ).
2143 3039 2340 3085 domum

401 3128 638 3190 lapideam
662 3132 713 3174 et
735 3132 891 3174 totam
914 3132 1092 3175 terram
1115 3128 1244 3175 inter
1275 3125 1426 3189 ipsam
1450 3127 1648 3174 domum
1671 3133 1723 3174 et
1747 3143 1919 3188 aquam
1944 3129 2005 3175 ad
2028 3130 2232 3177 eandem
2257 3133 2340 3178 do-

399 3235 534 3268 mum
556 3220 884 3281 pertinentem
908 3225 959 3266 et
981 3219 1235 3282 gardinum
1258 3224 1398 3266 extra
1431 3233 1593 3266 muros
1618 3219 1678 3266 de
1702 3217 1852 3266 Perth
1881 3221 2008 3281 quod
2042 3223 2254 3282 pertinet
2278 3224 2338 3270 ad

400 3312 660 3373 predifflsam
677 3316 855 3358 terram
895 3310 1095 3372 predicti
1110 3324 1223 3358 vero
1238 3311 1456 3358 canonici
1470 3310 1659 3358 nullum
1678 3311 1905 3359 clamium
1921 3312 1997 3360 vel
2017 3313 2338 3375 calumpniam

1357 3412 1390 3446 G
