2982 4016
617 542 677 587 36
1290 538 1496 585 LIBER
1530 537 1859 585 ECCLESIE
2326 553 2426 586 sne.
2454 552 2547 585 xu.

615 674 839 735 thanagio
875 673 935 719 de
971 670 1274 731 Dulmonych
1310 677 1360 716 et
1395 671 1454 716 de
1491 675 1595 716 toto
1633 669 1877 731 thainagio
1916 669 1976 716 de
2015 667 2313 716 Fandufuith
2352 678 2400 718 et
2442 686 2551 717 cum

616 763 811 825 capellis
838 760 937 809 istis
959 760 1206 823 Kylkemy
1228 759 1568 821 Dunfoluntyn
1603 757 1847 822 Kilcassyn
1871 758 2156 807 Kilmichell
2189 761 2249 807 de
2278 760 2553 808 Tulichmat

617 862 667 900 et
695 854 915 901 omnibus
948 853 1007 899 ad
1042 850 1228 898 easdem
1265 849 1473 911 capellas
1507 851 1863 911 pertinentibus
1898 858 1949 898 et
1983 852 2164 898 toftum
2188 867 2338 899 unum
2375 854 2425 899 in
2449 868 2555 914 pre-

617 947 715 994 fato
751 945 918 1007 Logyn
953 958 1062 990 cum
1097 943 1339 989 communi
1374 939 1566 1003 pastura
1599 940 1720 988 ficut
1743 943 1793 988 in
1818 948 1951 989 carta
1984 942 2173 989 comitis
2208 941 2411 990 Henrici
2442 943 2555 989 inde

615 1038 737 1084 10ἃο
792 1036 1066 1083 continetur
1108 1034 1341 1095 prefatam
1398 1031 1588 1095 insuper
1633 1030 1881 1080 00010110111
1926 1047 2038 1080 011111
2083 1034 2306 1080 0111ῃὶ11118
2362 1034 2557 1081 10811111-

616 1127 804 1173 dinibus
844 1132 894 1172 et
935 1125 1238 1186 pertinentiis
1278 1122 1372 1170 suis
1418 1130 1469 1170 et
1509 1124 1706 1186 capellis
1751 1126 2098 1187 prenominatis
2143 1130 2195 1171 et
2240 1140 2405 1172 earum
2451 1140 2557 1186 per-

615 1219 830 1264 tinentiis
869 1217 1051 1278 prefato
1092 1216 1254 1263 abbati
1289 1221 1340 1263 et
1375 1217 1615 1263 canonicis
1650 1217 1699 1262 in
1742 1217 1956 1278 proprios
1997 1214 2108 1263 usus
2148 1215 2254 1263 suos
2295 1217 2464 1263 damus
2507 1223 2558 1263 et

614 1309 947 1354 confirmamus
1015 1305 1170 1352 Salvis
1193 1304 1537 1367 episcopalibus
1561 1304 1731 1354 nostris
1798 1305 2017 1354 Testibus

618 1491 765 1538 Carta
789 1489 1026 1536 Willelmi
1053 1488 1209 1536 Vniot
1233 1489 1292 1535 de
1315 1487 1498 1550 septem
1522 1491 1643 1537 acris
1667 1495 1808 1537 terre.

522 1676 579 1721 56
622 1659 879 1722 Universis
901 1672 1059 1720 san&e
1083 1673 1249 1720 matris
1273 1671 1471 1720 ecclesie
1504 1673 1615 1721 filiis
1646 1673 1832 1721 clericis
1856 1678 1909 1721 et
1931 1673 2066 1721 laicis
2090 1672 2373 1721 Willelmus
2400 1672 2559 1721 Vniot‘

614 1767 812 1813 salutem
882 1764 1048 1811 Sciant
1071 1763 1316 1825 presentes
1340 1770 1390 1810 et
1414 1765 1565 1811 futuri
1589 1779 1669 1812 me
1692 1762 1870 1812 dedifl'e
1892 1770 1944 1812 et
1967 1762 2238 1812 conceflifl'e
2261 1771 2312 1812 et
2334 1766 2423 1813 hac
2448 1782 2559 1813 mea

612 1864 742 1903 carta
765 1852 1053 1903 confirmasse
1078 1854 1186 1901 Deo
1209 1860 1260 1901 et
1284 1852 1481 1903 ecclesie
1504 1855 1651 1904 1011811
1675 1856 1934 1904 Michaelis
1958 1857 2018 1904 de
2042 1856 2202 1905 Scona
2233 1863 2284 1904 et
2314 1859 2558 1905 canonicis

612 1950 787 1995 ibidem
812 1947 918 1995 Deo
941 1946 1257 1994 servientibus
1281 1953 1331 1994 et
1353 1945 1598 1996 servituris
1621 1947 1806 2011 septem
1830 1964 1963 1996 acras
1985 1956 2114 1996 terre
2146 1951 2198 1996 in
2229 1951 2471 1996 territorio
2496 1951 2557 1996 de

616 2039 908 2086 Inueramun
943 2041 994 2086 in
1023 2038 1129 2101 Thy
1151 2039 1270 2086 flath
1303 2036 1485 2087 scilicet
1529 2040 1590 2088 ab
1626 2040 1781 2088 insula
1813 2056 1909 2102 qua
1942 2039 2062 2088 solet
2096 2041 2200 2089 fieri
2246 2041 2463 2088 duellum
2498 2042 2558 2087 (10

612 2131 768 2178 Scona
800 2130 961 2178 versus
995 2131 1266 2192 aquilonem
1290 2136 1342 2178 et
1364 2147 1515 2179 unum
1539 2138 1644 2180 rete
1667 2133 1719 2179 in
1742 2132 1859 2194 they
1881 2132 1966 2179 ubi
1988 2132 2141 2195 magis
2164 2132 2233 2178 eis
2264 2136 2558 2193 oportunum

613 2224 759 2269 fuerit
783 2224 832 2269 in
855 2222 1155 2285 longitudine
1179 2224 1378 2286 prediffi
1403 2225 1632 2287 territorij
1669 2225 1729 2271 de
1765 2223 2060 2271 Inueramun
2096 2238 2125 2270 a
2157 2223 2371 2285 predi&a
2404 2221 2558 2270 insula

613 2315 759 2377 usque
783 2318 842 2363 ad
866 2323 1004 2364 vetus
1027 2333 1172 2365 amun
1196 2319 1246 2364 in
1270 2318 1470 2366 liberam
1495 2323 1546 2365 et
1569 2322 1853 2379 perpetuam
1878 2313 2186 2364 elemosinam
2251 2315 2466 2363 Tenend.
2496 2317 2556 2362 de

614 2424 691 2454 me
715 2415 765 2455 et
789 2409 1044 2456 heredibus
1071 2411 1191 2457 meis
1224 2411 1296 2457 ita
1328 2409 1479 2458 libere
1513 2415 1565 2456 et
1599 2409 1763 2470 quiete
1798 2414 1849 2456 et
1882 2407 2144 2455 honorifice
2178 2408 2230 2454 in
2264 2413 2556 2470 perpetuum

614 2498 788 2561 absque
812 2502 941 2547 omni
963 2502 1236 2563 gravamine
1258 2506 1309 2549 et
1333 2501 1584 2548 exafflone
1617 2499 1740 2548 110111
1763 2500 1924 2561 aliqua
1946 2500 2117 2546 domus
2149 2498 2393 2562 religionis
2417 2504 2554 2546 tenet

613 2590 821 2653 aliquam
866 2589 1170 2640 elemosinam
1206 2593 1401 2641 liberius
1446 2598 1499 2640 et
1535 2593 1746 2655 quietius
1782 2598 1834 2640 et
1869 2590 2261 2639 honorificentius
2297 2590 2358 2638 ab
2395 2590 2555 2651 aliquo

613 2682 768 2729 milite
802 2685 852 2730 in
886 2690 990 2731 toto
1020 2700 1168 2748 regno
1201 2684 1350 2748 Regis
1385 2685 1549 2734 Scotie
1616 2684 1729 2733 Hiis
1762 2680 1964 2732 testibus
1999 2682 2204 2730 Matheo
2240 2681 2458 2744 episcopo
2495 2684 2554 2729 de

614 2771 831 2821 Abirden
853 2772 886 2821 J
889 2775 1077 2824 ohanne
1100 2774 1316 2838 episcopo
1340 2777 1401 2824 de
1423 2775 1721 2824 Dunkelden
1745 2781 1797 2824 01
1819 2774 1987 2822 multis
2009 2774 2130 2822 aliis.

616 2956 885 3006 Conventio
911 2960 970 3006 de
994 2959 1228 3008 limitibus
1251 2967 1488 3008 terrarum
1511 2961 1572 3008 de
1595 2957 1780 3021 Camsy.

527 3142 587 3187 57
621 3122 843 3190 Noverit
867 3145 1012 3191 etiam
1035 3150 1135 3191 tam
1160 3143 1404 3206 presentes
1436 3158 1581 3205 quam
1599 3143 1751 3191 futuri
1775 3143 1903 3204 quod
1927 3140 2248 3190 contrauerfia
2269 3149 2403 3191 mota
2425 3145 2554 3191 inter

620 3235 840 3283 abbatem
864 3241 914 3282 et
937 3244 1229 3282 conventum
1264 3235 1323 3282 de
1346 3234 1508 3298 Cupro
1531 3250 1594 3282 ex
1616 3240 1753 3297 parte
1776 3249 1871 3282 vna
1903 3239 1955 3282 et
1990 3240 2285 3283 conventum
2309 3235 2369 3282 de
2393 3234 2550 3283 Scona

621 3341 681 3373 ex
704 3326 797 3373 alia
818 3323 955 3387 super
987 3326 1219 3374 limitibus
1255 3333 1489 3375 terrarum
1524 3327 1586 3375 de
1607 3324 1780 3389 Gamsy
1800 3333 1929 3374 terre
1962 3341 2272 3375 monacorum
2308 3326 2368 3374 de
2391 3325 2552 3389 Cupro
