2982 4016
351 2698 412 2740 82

444 539 559 574 ΒΕΘ.
585 540 734 573 ALEX.
760 539 815 573 11.
997 526 1045 573 S.
1082 524 1480 574 TRINITATIS
1515 524 1608 572 DE
1644 524 1839 573 SCON.
2323 533 2379 575 51

442 658 557 705 tulit
579 673 666 720 per
688 663 870 706 cartam
904 656 1026 706 ficut
1049 659 1100 705 in
1124 659 1292 706 eadem
1316 662 1448 706 carta
1469 655 1614 720 ipfius
1633 657 1874 705 Willelmi
1897 657 2087 719 plenius
2111 660 2384 707 continetur

442 748 509 796 Et
530 747 653 797 ficut
690 755 823 798 carta
853 749 980 798 alani
1002 750 1087 812 filij
1117 750 1302 798 rolandi
1339 750 1578 812 quondam
1614 747 1950 811 constabularij
1977 749 2142 797 Scotie
2170 752 2383 812 predicto

443 840 698 890 Willelmo
742 843 856 890 inde
900 843 1091 904 plenius
1137 843 1355 891 confecta
1393 842 1551 890 eidem
1588 841 1842 888 Willelmo
1880 842 2087 889 faciendi
2132 840 2386 905 affignatos

439 933 703 996 plenariam
732 934 940 982 contulit
969 932 1257 997 potestatem
1319 932 1645 982 Conceffimus
1669 934 1816 980 etiam
1840 939 1890 980 et
1915 934 2250 982 confirmamus
2275 950 2386 982 con-

442 1023 698 1074 eeffionem
716 1032 768 1074 et
785 1027 1198 1074 confirmationem
1221 1026 1355 1074 illam
1378 1040 1522 1088 quam
1547 1025 1699 1072 difflms
1717 1024 1937 1088 Rogerus
1961 1027 2020 1073 de
2040 1025 2245 1082 Queinci
2269 1027 2385 1075 fecit

441 1118 578 1165 diffis
602 1117 787 1166 Abbati
811 1124 862 1166 et
885 1119 1147 1166 conventui
1171 1119 1232 1165 de
1255 1118 1415 1166 Scona
1437 1118 1498 1164 de
1521 1118 1781 1165 donatione
1818 1117 2030 1165 eiusdem
2056 1117 2297 1166 Willelmi
2327 1121 2386 1167 de

442 1210 547 1257 Len
571 1226 716 1272 quam
740 1211 856 1258 fecit
879 1209 1058 1258 eisdem
1081 1209 1266 1258 Abbati
1290 1216 1342 1258 et
1365 1210 1626 1257 conventui
1649 1225 1736 1271 per
1758 1215 1940 1257 cartam
1958 1209 2092 1258 suam
2108 1208 2250 1273 super
2273 1227 2387 1273 qua-

440 1303 552 1350 dam
582 1307 711 1350 terra
732 1318 826 1364 que
848 1303 942 1349 fuit
965 1303 1025 1350 de
1048 1303 1245 1350 baronia
1279 1302 1429 1364 patris
1451 1299 1597 1362 ipfius
1619 1302 1775 1363 rogeri
1811 1302 1937 1349 infra
1967 1303 2147 1349 dictum
2182 1304 2388 1367 burgum

443 1395 503 1442 de
528 1394 678 1442 Perth
701 1410 795 1456 que
816 1393 1000 1442 scilicet
1022 1400 1151 1442 terra
1173 1395 1300 1441 iacet
1322 1395 1451 1440 inter
1481 1398 1661 1440 terram
1685 1408 1779 1454 que
1801 1394 1894 1440 fuit
1918 1395 2161 1455 quondam
2186 1395 2387 1444 Henrici

442 1486 572 1535 baldi
590 1493 641 1534 et
657 1492 836 1535 terram
853 1502 948 1548 que
965 1487 1059 1534 fuit
1075 1486 1332 1549 galeatoris
1378 1484 1735 1546 Quamquidem
1757 1491 1936 1532 terram
1955 1486 2086 1533 idem
2108 1486 2390 1535 Willelmus

442 1579 502 1626 de
526 1580 652 1626 (11ἃο
676 1579 867 1642 Rogero
899 1579 959 1626 de
982 1578 1189 1641 Queincj
1213 1579 1375 1626 tenuit
1411 1592 1498 1639 per
1530 1582 1713 1625 cartam
1780 1577 2031 1626 Tenendas
2060 1584 2111 1626 et
2145 1579 2389 1628 habendas

441 1669 620 1719 eisdem
644 1669 830 1719 Abbati
865 1678 916 1718 et
952 1671 1214 1719 conventui
1255 1670 1316 1718 de
1350 1668 1509 1717 Scona
1545 1675 1596 1717 et
1633 1670 1759 1718 dieto
1785 1670 1975 1733 Rogero
2012 1671 2072 1719 de
2097 1670 2303 1727 Queinci
2339 1680 2388 1720 et

442 1763 697 1811 heredibus
739 1762 834 1810 suis
869 1764 921 1810 in
957 1769 1248 1826 perpetuum
1283 1761 1363 1809 Ita
1399 1761 1550 1809 libere
1591 1763 1755 1824 quiete
1790 1762 2004 1824 plenarie
2042 1770 2093 1811 et
2126 1763 2389 1812 honorifice

442 1853 565 1903 ficut
602 1855 990 1904 confirmationes
1030 1854 1242 1904 eiusdem
1275 1854 1454 1918 Rogeri
1495 1860 1546 1901 et
1587 1860 1720 1902 carte
1761 1855 1873 1903 dieti
1904 1854 2147 1903 Willelmi
2185 1857 2246 1904 de
2284 1857 2387 1905 Len

443 1947 623 1995 eisdem
662 1949 904 1996 canonicis
950 1949 1011 1996 de
1055 1948 1281 2011 predictis
1316 1948 1457 1995 terris
1496 1946 1687 2008 plenius
1725 1947 1941 1994 confecte
1977 1946 2108 2009 juste
2153 1946 2391 1996 testantur

444 2039 871 2088 consuetudinibus
907 2041 1168 2103 burgorum
1199 2041 1335 2103 regni
1371 2036 1518 2086 nostri
1553 2044 1604 2086 et
1638 2040 1769 2101 regio
1800 2040 1851 2085 in
1880 2039 2103 2087 omnibus
2125 2042 2227 2088 iure
2249 2040 2388 2088 salvis

443 2130 664 2180 Testibus
689 2131 913 2180 Waltero
937 2132 1113 2181 Cumin
1138 2134 1314 2198 comite
1338 2132 1399 2179 de
1422 2130 1654 2178 Menteth
1677 2130 1710 2177 J
1713 2131 1900 2179 ohanne
1924 2132 1984 2178 de
2007 2131 2213 2179 Balliolo
2232 2131 2389 2180 David

445 2226 506 2273 de
523 2223 760 2287 Lindesay
773 2224 806 2271 J
808 2222 1040 2272 ustitiario
1057 2224 1307 2272 Laudonie
1323 2223 1538 2271 Roberto
1553 2223 1613 2270 de
1628 2222 1860 2284 Meyners
1875 2223 2122 2271 Bernardo
2138 2225 2198 2272 de
2214 2224 2389 2287 Rippel

446 2317 595 2380 Apud
619 2317 903 2380 Edinburgh
925 2317 1016 2379 xijo
1038 2317 1116 2364 die
1135 2316 1427 2364 Novembris
1449 2330 1575 2363 anno
1598 2316 1734 2378 regni
1758 2316 1938 2362 domini
1961 2317 2086 2379 regis
2109 2318 2279 2379 xxxij0.

445 2502 592 2549 Carta
615 2502 905 2548 venditionis
928 2500 1022 2548 loci
1045 2501 1157 2548 tofti
1181 2500 1401 2547 inundati
1425 2514 1511 2561 per
1534 2499 1812 2547 violentiam
1838 2500 2047 2548 fluminis
2072 2502 2132 2548 de
2153 2502 2299 2564 They.

449 2670 628 2735 Sciant
650 2682 856 2732 univerfi
883 2682 1075 2746 presens
1101 2682 1331 2746 scriptum
1357 2681 1498 2730 visuri
1523 2682 1598 2730 vel
1623 2683 1833 2730 audituri
1858 2685 1985 2745 quod
2009 2701 2134 2732 anno
2157 2687 2218 2733 ab
2241 2687 2391 2733 incar-

445 2779 642 2825 natione
665 2777 848 2823 domini
870 2777 950 2830 Ct)⁰
971 2782 1048 2823 cc⁰
1075 2776 1183 2822 xix⁰
1206 2774 1365 2837 Regni
1388 2776 1515 2838 regis
1549 2773 1819 2822 Alexandri
1848 2773 2041 2823 secundi
2067 2785 2117 2822 v⁰
2144 2776 2388 2824 Johannes

446 2870 647 2934 ylbaren
671 2869 731 2915 de
754 2867 906 2915 Perth
928 2867 1146 2915 vendidit
1169 2867 1410 2914 canonicis
1433 2866 1493 2914 de
1518 2865 1677 2914 Scona
1711 2866 1870 2914 locum
1895 2869 2006 2915 tofti
2031 2884 2173 2929 quem
2210 2870 2387 2916 habue-

445 2968 555 3010 rant
589 2966 849 3021 antequam
879 2959 1130 3007 inundatio
1164 2958 1374 3006 fluminis
1408 2974 1494 3021 per
1516 2958 1795 3006 violentiam
1831 2974 1942 3024 eum
1983 2958 2303 3021 asportaverat
2332 2963 2382 3007 in

447 3051 639 3102 australi
661 3057 798 3114 parte
820 3052 980 3114 pontis
1015 3052 1221 3113 proximi
1243 3052 1295 3098 in
1319 3050 1502 3098 oriente
1526 3048 1686 3097 versus
1710 3049 1890 3097 flumen
1916 3051 1975 3097 de
1998 3050 2132 3113 They
2154 3053 2204 3098 in
2228 3053 2385 3114 capite

448 3145 631 3193 scilieet
654 3145 805 3191 totius
828 3143 922 3190 vici
943 3143 1205 3190 habentem
1228 3143 1279 3189 in
1302 3141 1603 3204 longitudine
1626 3141 1712 3188 lxx
1728 3142 1875 3202 pedes
1894 3147 1944 3188 et
1969 3143 2017 3188 in
2036 3142 2295 3190 latitudine
2317 3160 2385 3191 xx

451 3237 518 3285 Et
539 3237 630 3284 hoc
654 3236 769 3282 fecit
791 3236 919 3282 idem
942 3233 974 3281 J
978 3234 1189 3281 ohannes
1212 3235 1324 3295 quia
1354 3248 1450 3280 non
1478 3234 1639 3294 potuit
1665 3232 1902 3293 prefatum
1929 3234 2107 3280 toftum
2130 3250 2216 3296 pre
2238 3237 2386 3283 nimia

452 3328 781 3393 profunditate
821 3341 944 3388 aque
986 3327 1037 3372 in
1076 3323 1327 3387 pristinum
1363 3322 1540 3372 statum
1585 3324 1797 3372 relevare
1866 3324 2034 3372 Potuit
2074 3327 2219 3374 etiam
2255 3328 2383 3374 idem
