2982 4016
440 523 729 559 REG.A1.Ex.
756 524 787 555 1.
998 509 1047 557 S.
1082 505 1481 555 TRINITATIS
1517 505 1610 552 DE
1647 505 1842 554 SCON.
2361 512 2388 553 3

440 642 658 689 similiter
691 657 779 704 ego
818 640 1144 703 Gospatricius
1180 640 1361 687 Dolfini
1403 637 1631 687 assensum
1673 639 1850 701 prebeo
1886 653 1974 700 ego
2013 637 2197 684 Mallus
2229 654 2389 685 comes

440 732 672 780 assensum
694 734 871 795 prebeo
896 749 984 796 ego
1007 734 1218 788 COadach
1242 748 1403 779 comes
1427 728 1657 779 assensum
1681 731 1859 792 prebeo
1893 745 1982 792 ego
2018 729 2193 776 Rothri
2228 746 2387 776 comes

439 822 667 872 assensum
708 825 885 886 prebeo
924 841 1013 888 ego
1052 824 1302 872 Gartnach
1342 839 1503 871 comes
1544 820 1775 870 assensum
1816 823 1994 884 prebeo
2031 837 2119 884 ego
2162 821 2387 884 Dufagan

439 932 600 964 comes
635 914 866 964 assensum
899 917 1076 978 prebeo
1111 916 1253 962 huius
1289 916 1437 962 etiam
1468 917 1538 962 rei
1572 914 1682 961 sunt
1711 912 1786 961 isti
1821 914 1900 976 alij
1933 911 2079 960 testes
2111 913 2387 959 Willelmus

439 1009 587 1055 frater
604 1010 770 1071 regine
789 1008 1053 1055 Edwardus
1077 1005 1454 1054 constabularius
1474 1005 1799 1068 Gospatricius
1817 1006 1951 1052 filius
1966 1005 2195 1051 Walthef
2214 1001 2386 1051 Vsieth

441 1099 655 1147 Alfricus
678 1102 908 1162 pincerna
932 1116 1021 1162 ego
1054 1099 1183 1145 Forn
1206 1097 1440 1172 assensum!
1461 1100 1652 1161 prebeo.

418 1283 564 1330 Carta
587 1282 855 1330 Alexandri
879 1283 1004 1343 regis
1029 1283 1088 1328 de
1113 1281 1266 1328 insula
1290 1282 1350 1328 de
1376 1281 1594 1330 Lochtei.

376 1477 404 1518 2
439 1451 737 1514 Alexander
776 1464 870 1512 Dei
910 1465 1065 1527 gratia
1100 1464 1208 1511 Rex
1244 1463 1502 1511 Scotorum
1543 1461 1772 1524 episcopis
1808 1467 1859 1508 et
1900 1463 2156 1509 comitibus
2196 1478 2384 1510 necnon

437 1559 658 1605 omnibus
681 1556 902 1603 fidelibus
935 1553 1029 1602 suis
1053 1557 1208 1602 tocius
1233 1554 1403 1602 Scocie
1426 1554 1630 1602 salutem
1701 1553 1891 1600 Notum
1910 1538 2044 1600 vobis
2069 1554 2191 1600 facio
2215 1570 2294 1601 me
2324 1556 2384 1601 ad

435 1652 666 1696 honorem
703 1648 796 1694 Dei
821 1653 872 1695 et
894 1646 1054 1694 fauste
1090 1647 1250 1694 Marie
1289 1645 1390 1709 [et]
1422 1648 1639 1693 omnium
1675 1645 1960 1693 Sanfilmrum
1991 1661 2077 1707 pro
2109 1662 2188 1693 me
2213 1652 2263 1693 et
2298 1663 2382 1708 pro

434 1743 594 1788 anima
628 1741 793 1802 regine
846 1738 1018 1786 Sibille
1058 1737 1261 1786 insulam
1297 1739 1357 1785 de
1392 1737 1598 1785 Lochtei
1624 1744 1869 1799 >perpetuo
1910 1739 2014 1784 iure
2056 1735 2382 1799 possidendam

436 1848 547 1880 cum
583 1832 713 1878 omni
745 1831 956 1877 dominio
991 1831 1052 1877 ad
1084 1830 1286 1877 eandem
1315 1827 1517 1877 insulam
1548 1831 1813 1891 pertinenti
1850 1829 2025 1876 San&e
2058 1829 2284 1877 Trinitati
2322 1831 2381 1876 de

436 1924 564 1972 Scon
588 1923 817 1971 canonice
851 1921 959 1969 Deo
982 1922 1048 1969 ibi
1072 1922 1298 1969 fratribus
1322 1921 1666 1968 famulantibus
1686 1917 1860 1968 dedisse
1895 1926 1951 1967 ut
1969 1920 2168 1968 ecclesia
2191 1921 2285 1968 Dei
2310 1922 2375 1968 ibi

435 2036 520 2082 pro
554 2033 634 2065 me
659 2023 709 2064 et
740 2033 826 2078 pro
854 2017 1015 2064 anima
1047 2017 1212 2079 regine
1247 2016 1313 2062 ibi
1350 2016 1574 2061 defunfite
1609 2015 1869 2061 fabricetur
1902 2019 1953 2060 et
1985 2015 2035 2060 in
2067 2015 2237 2061 habitu
2269 2015 2379 2061 reli-

434 2112 588 2173 gionis
612 2111 702 2156 deo
726 2109 793 2156 ibi
816 2107 1024 2155 serviant
1059 2113 1109 2154 et
1131 2108 1223 2154 hoc
1255 2107 1315 2153 do
1351 2107 1437 2153 eiis
1460 2106 1655 2153 interim
1679 2104 1923 2166 quousque
1949 2106 2124 2153 dedero
2149 2107 2217 2153 eis
2248 2106 2379 2153 aliud

435 2208 750 2265 augmentum
786 2200 912 2246 vnde
950 2199 1082 2246 locus
1117 2199 1200 2245 ille
1236 2200 1286 2245 in
1320 2198 1414 2245 Dei
1451 2196 1731 2257 obsequium
1764 2196 2009 2243 exaltetur
2074 2195 2216 2244 Teste
2253 2197 2378 2244 Her-

435 2296 573 2340 berto
598 2291 882 2340 cancellario
950 2290 1099 2352 Apud
1123 2288 1371 2336 Striuelin.

432 2492 578 2540 Carta
599 2492 869 2540 Alexandri
891 2492 1016 2553 regis
1041 2492 1101 2537 de
1125 2506 1244 2537 cana
1268 2497 1319 2537 et
1343 2488 1689 2537 consuetudine
1713 2492 1855 2536 unius
1881 2492 2029 2536 navis.

371 2688 399 2729 3
433 2660 731 2725 Alexander
749 2674 841 2721 Dei
864 2675 1019 2736 gratia
1037 2673 1146 2719 Rex
1167 2671 1423 2719 Scotorum
1442 2673 1666 2719 omnibus
1684 2674 2031 2720 mercatoribus
2049 2673 2230 2736 Anglie
2252 2674 2372 2723 salu-

432 2775 533 2815 tem
582 2767 757 2814 Sciatis
779 2781 858 2812 me
883 2762 1058 2812 dedisse
1082 2770 1133 2812 et
1156 2760 1422 2811 concessisse
1445 2765 1496 2810 in
1520 2760 1766 2811 elimosina
1789 2762 1988 2811 ecclesie
2019 2764 2195 2812 Sanfioe
2218 2766 2371 2813 Trini-

433 2860 548 2906 tatis
572 2859 632 2904 de
656 2857 784 2905 Scon
807 2863 858 2904 et
881 2857 1025 2918 priori
1043 2853 1362 2916 fratribusque
1386 2855 1452 2901 ibi
1470 2853 1790 2903 seruientibus
1814 2871 1903 2903 can
1927 2862 1977 2903 et
2002 2856 2368 2905 consuetudines

433 2951 572 2996 vnius
594 2949 732 2996 nauis
767 2955 816 2995 et
839 2949 947 2995 ideo
971 2947 1082 2994 uolo
1106 2952 1156 2993 et
1179 2946 1382 2993 firmiter
1404 2947 1614 3009 precipio
1640 2953 1693 2994 ut
1717 2961 1883 2994 omnes
1906 2953 2196 2995 mercatores
2231 2955 2369 2996 extra

431 3039 876 3103 regionem'Scotie
904 3043 1157 3085 manentes
1193 3038 1274 3098 qui
1298 3053 1474 3085 nauem
1497 3037 1630 3085 illam
1663 3053 1774 3085 cum
1808 3039 2046 3085 mercibus
2080 3037 2174 3086 suis
2209 3039 2368 3088 ascen-

433 3133 544 3178 dere
579 3136 724 3191 atque
748 3130 798 3175 in
828 3128 1036 3175 Sconam
1059 3129 1224 3175 venire
1245 3127 1489 3175 uoluerint
1522 3117 1690 3189 pacem
1714 3143 1872 3175 meam
1907 3134 1957 3175 et
1992 3127 2087 3176 Dei
2123 3131 2280 3177 eundo
2316 3139 2366 3179 et

432 3222 676 3270 redeundo
694 3235 956 3282 pacemque
974 3220 1184 3266 tenendo
1203 3220 1426 3274 habeant,
1452 3225 1502 3266 et
1521 3219 1643 3265 nulli
1662 3217 1747 3266 nisi
1767 3221 1909 3281 priori
1929 3226 1979 3267 et
1997 3220 2222 3269 fratribus
2241 3224 2364 3271 diae
