<?xml version="1.0" encoding="UTF-8"?>
<!DOCTYPE html PUBLIC "-//W3C//DTD XHTML 1.0 Transitional//EN"
    "http://www.w3.org/TR/xhtml1/DTD/xhtml1-transitional.dtd">
<html xmlns="http://www.w3.org/1999/xhtml" xml:lang="en" lang="en">
 <head>
  <title>
</title>
<meta http-equiv="Content-Type" content="text/html;charset=utf-8" />
  <meta name='ocr-system' content='tesseract 3.04.00' />
  <meta name='ocr-capabilities' content='ocr_page ocr_carea ocr_par ocr_line ocrx_word'/>
</head>
<body>
  <div class='ocr_page' id='page_1' title='image "./liberecclesiedes78sconuoft_0223.png"; bbox 0 0 3002 4030; ppageno 0'>
   <div class='ocr_carea' id='block_1_1' title="bbox 0 3305 18 4030">
    <p class='ocr_par' dir='ltr' id='par_1_1' title="bbox 0 3305 18 4030">
     <span class='ocr_line' id='line_1_1' title="bbox 0 3305 18 4030; baseline 0 0"><span class='ocrx_word' id='word_1_1' title='bbox 0 3305 18 4030; x_wconf 95' lang='lat' dir='ltr'><strong> </strong></span> 
     </span>
    </p>
   </div>
   <div class='ocr_carea' id='block_1_2' title="bbox 302 2553 408 2599">
    <p class='ocr_par' dir='ltr' id='par_1_2' title="bbox 302 2553 408 2599">
     <span class='ocr_line' id='line_1_2' title="bbox 302 2553 408 2599; baseline 0 -5"><span class='ocrx_word' id='word_1_2' title='bbox 302 2553 408 2599; x_wconf 66' lang='lat'><strong>207.</strong></span> 
     </span>
    </p>
   </div>
   <div class='ocr_carea' id='block_1_3' title="bbox 447 507 2367 565">
    <p class='ocr_par' dir='ltr' id='par_1_3' title="bbox 447 507 2367 565">
     <span class='ocr_line' id='line_1_3' title="bbox 447 507 2367 565; baseline 0.005 -12"><span class='ocrx_word' id='word_1_3' title='bbox 447 521 561 554; x_wconf 71' lang='lat' dir='ltr'><strong>nne.</strong></span> <span class='ocrx_word' id='word_1_4' title='bbox 580 522 682 554; x_wconf 85' lang='lat' dir='ltr'><strong>JAc.</strong></span> <span class='ocrx_word' id='word_1_5' title='bbox 703 522 735 554; x_wconf 90' lang='lat'><strong>1.</strong></span> <span class='ocrx_word' id='word_1_6' title='bbox 996 509 1046 556; x_wconf 82' lang='lat' dir='ltr'><strong>S.</strong></span> <span class='ocrx_word' id='word_1_7' title='bbox 1081 507 1474 557; x_wconf 83' lang='lat' dir='ltr'><strong>TRINITATIS</strong></span> <span class='ocrx_word' id='word_1_8' title='bbox 1509 509 1601 557; x_wconf 87' lang='lat' dir='ltr'><strong>DE</strong></span> <span class='ocrx_word' id='word_1_9' title='bbox 1637 510 1830 558; x_wconf 88' lang='lat' dir='ltr'>SCON.</span> <span class='ocrx_word' id='word_1_10' title='bbox 2277 518 2367 565; x_wconf 88' lang='lat'><strong>169</strong></span> 
     </span>
    </p>
   </div>
   <div class='ocr_carea' id='block_1_4' title="bbox 446 639 2383 2246">
    <p class='ocr_par' dir='ltr' id='par_1_4' title="bbox 446 639 2383 2246">
     <span class='ocr_line' id='line_1_4' title="bbox 446 639 2368 705; baseline 0.003 -21"><span class='ocrx_word' id='word_1_11' title='bbox 446 639 687 700; x_wconf 69' lang='lat' dir='ltr'><strong>guBnator</strong></span> <span class='ocrx_word' id='word_1_12' title='bbox 708 640 979 686; x_wconf 81' lang='lat' dir='ltr'><strong>vicecomiti</strong></span> <span class='ocrx_word' id='word_1_13' title='bbox 995 647 1028 685; x_wconf 54' lang='lat' dir='ltr'><strong>*t</strong></span> <span class='ocrx_word' id='word_1_14' title='bbox 1050 640 1240 687; x_wconf 79' lang='lat' dir='ltr'><strong>balliuis&#39;</strong></span> <span class='ocrx_word' id='word_1_15' title='bbox 1258 639 1351 687; x_wconf 88' lang='lat' dir='ltr'><strong>suis</strong></span> <span class='ocrx_word' id='word_1_16' title='bbox 1369 641 1429 687; x_wconf 91' lang='lat' dir='ltr'><strong>de</strong></span> <span class='ocrx_word' id='word_1_17' title='bbox 1443 640 1593 688; x_wconf 87' lang='lat' dir='ltr'><strong>Perth</strong></span> <span class='ocrx_word' id='word_1_18' title='bbox 1610 640 1812 688; x_wconf 90' lang='lat' dir='ltr'><strong>salutem</strong></span> <span class='ocrx_word' id='word_1_19' title='bbox 1831 668 1841 678; x_wconf 90' lang='lat'><strong>·</strong></span> <span class='ocrx_word' id='word_1_20' title='bbox 1861 667 1872 677; x_wconf 94' lang='lat'><strong>·</strong></span> <span class='ocrx_word' id='word_1_21' title='bbox 1891 642 2064 690; x_wconf 84' lang='lat' dir='ltr'><strong>Sciatis</strong></span> <span class='ocrx_word' id='word_1_22' title='bbox 2081 658 2166 690; x_wconf 86' lang='lat' dir='ltr'><strong>nos</strong></span> <span class='ocrx_word' id='word_1_23' title='bbox 2183 643 2368 705; x_wconf 88' lang='lat' dir='ltr'><strong>inspex-</strong></span> 
     </span>
     <span class='ocr_line' id='line_1_5' title="bbox 446 718 2369 797; baseline 0.003 -23"><span class='ocrx_word' id='word_1_24' title='bbox 446 726 528 775; x_wconf 76' lang='lat' dir='ltr'><strong>ifl&#39;e</strong></span> <span class='ocrx_word' id='word_1_25' title='bbox 549 736 583 774; x_wconf 57' lang='lat' dir='ltr'><strong>Q¹:</strong></span> <span class='ocrx_word' id='word_1_26' title='bbox 617 728 883 791; x_wconf 81' lang='lat' dir='ltr'><strong>deligenter</strong></span> <span class='ocrx_word' id='word_1_27' title='bbox 915 718 1171 778; x_wconf 65' lang='lat' dir='ltr'><strong>confidass&#39;e</strong></span> <span class='ocrx_word' id='word_1_28' title='bbox 1204 736 1384 778; x_wconf 85' lang='lat' dir='ltr'><strong>cartam</strong></span> <span class='ocrx_word' id='word_1_29' title='bbox 1419 731 1693 778; x_wconf 88' lang='lat' dir='ltr'><strong>Recolende</strong></span> <span class='ocrx_word' id='word_1_30' title='bbox 1726 733 1955 779; x_wconf 89' lang='lat' dir='ltr'><strong>memorie</strong></span> <span class='ocrx_word' id='word_1_31' title='bbox 1989 732 2190 780; x_wconf 88' lang='lat' dir='ltr'><strong>Roberti</strong></span> <span class='ocrx_word' id='word_1_32' title='bbox 2224 734 2369 797; x_wconf 85' lang='lat' dir='ltr'><strong>Regis</strong></span> 
     </span>
     <span class='ocr_line' id='line_1_6' title="bbox 447 817 2370 885; baseline 0.003 -20"><span class='ocrx_word' id='word_1_33' title='bbox 447 817 598 866; x_wconf 84' lang='lat' dir='ltr'><strong>scocie</strong></span> <span class='ocrx_word' id='word_1_34' title='bbox 620 821 698 866; x_wconf 92' lang='lat' dir='ltr'><strong>aui</strong></span> <span class='ocrx_word' id='word_1_35' title='bbox 722 822 797 866; x_wconf 66' lang='lat' dir='ltr'><strong>nri</strong></span> <span class='ocrx_word' id='word_1_36' title='bbox 817 833 832 867; x_wconf 80' lang='lat' dir='ltr'><strong><em>s</em></strong></span> <span class='ocrx_word' id='word_1_37' title='bbox 853 836 884 884; x_wconf 83' lang='lat' dir='ltr'><strong>p</strong></span> <span class='ocrx_word' id='word_1_38' title='bbox 908 836 1051 882; x_wconf 91' lang='lat' dir='ltr'><strong>quam</strong></span> <span class='ocrx_word' id='word_1_39' title='bbox 1073 822 1209 868; x_wconf 90' lang='lat' dir='ltr'><strong>nobis</strong></span> <span class='ocrx_word' id='word_1_40' title='bbox 1232 820 1416 869; x_wconf 86' lang='lat' dir='ltr'><strong>constat</strong></span> <span class='ocrx_word' id='word_1_41' title='bbox 1439 823 1498 869; x_wconf 87' lang='lat' dir='ltr'><strong>ad</strong></span> <span class='ocrx_word' id='word_1_42' title='bbox 1530 822 1678 883; x_wconf 71' lang='lat' dir='ltr'><strong>plenu</strong></span> <span class='ocrx_word' id='word_1_43' title='bbox 1711 821 1974 885; x_wconf 88' lang='lat' dir='ltr'><strong>Religiosos</strong></span> <span class='ocrx_word' id='word_1_44' title='bbox 1997 825 2121 870; x_wconf 87' lang='lat' dir='ltr'><strong>viros</strong></span> <span class='ocrx_word' id='word_1_45' title='bbox 2143 824 2315 871; x_wconf 78' lang='lat' dir='ltr'><strong>abbem</strong></span> <span class='ocrx_word' id='word_1_46' title='bbox 2337 833 2370 870; x_wconf 61' lang='grc' dir='ltr'><strong>’ἲ</strong></span> 
     </span>
     <span class='ocr_line' id='line_1_7' title="bbox 448 893 2373 976; baseline 0.002 -19"><span class='ocrx_word' id='word_1_47' title='bbox 448 916 710 958; x_wconf 72' lang='lat' dir='ltr'><strong>couentum</strong></span> <span class='ocrx_word' id='word_1_48' title='bbox 725 893 927 973; x_wconf 58' lang='lat' dir='ltr'><strong>mo‘sPij</strong></span> <span class='ocrx_word' id='word_1_49' title='bbox 947 912 1008 959; x_wconf 89' lang='lat' dir='ltr'><strong>de</strong></span> <span class='ocrx_word' id='word_1_50' title='bbox 1023 912 1181 959; x_wconf 82' lang='lat' dir='ltr'><strong>Scona</strong></span> <span class='ocrx_word' id='word_1_51' title='bbox 1202 910 1336 959; x_wconf 80' lang='lat' dir='ltr'><strong>fuisse</strong></span> <span class='ocrx_word' id='word_1_52' title='bbox 1359 928 1414 959; x_wconf 86' lang='lat' dir='ltr'><strong>ac</strong></span> <span class='ocrx_word' id='word_1_53' title='bbox 1430 913 1530 960; x_wconf 90' lang='lat' dir='ltr'><strong>fore</strong></span> <span class='ocrx_word' id='word_1_54' title='bbox 1552 914 1603 959; x_wconf 94' lang='lat' dir='ltr'><strong>in</strong></span> <span class='ocrx_word' id='word_1_55' title='bbox 1624 910 1898 974; x_wconf 84' lang='lat' dir='ltr'><strong>pofl&#39;eflione</strong></span> <span class='ocrx_word' id='word_1_56' title='bbox 1918 914 2114 976; x_wconf 88' lang='lat' dir='ltr'><strong>pacifica</strong></span> <span class='ocrx_word' id='word_1_57' title='bbox 2133 915 2373 976; x_wconf 82' lang='lat' dir='ltr'><strong>pcipiendi</strong></span> 
     </span>
     <span class='ocr_line' id='line_1_8' title="bbox 449 983 2373 1065; baseline 0.001 -17"><span class='ocrx_word' id='word_1_58' title='bbox 449 1000 644 1050; x_wconf 71' lang='lat' dir='ltr'><strong>secudas</strong></span> <span class='ocrx_word' id='word_1_59' title='bbox 681 1004 887 1050; x_wconf 89' lang='lat' dir='ltr'><strong>decimas</strong></span> <span class='ocrx_word' id='word_1_60' title='bbox 925 1003 984 1049; x_wconf 91' lang='lat' dir='ltr'><strong>de</strong></span> <span class='ocrx_word' id='word_1_61' title='bbox 1017 1002 1152 1049; x_wconf 70' lang='lat' dir='ltr'><strong>f&#39;mis</strong></span> <span class='ocrx_word' id='word_1_62' title='bbox 1185 983 1305 1059; x_wconf 61' lang='lat' dir='ltr'><strong>‘Prau</strong></span> <span class='ocrx_word' id='word_1_63' title='bbox 1336 1003 1397 1048; x_wconf 92' lang='lat' dir='ltr'><strong>de</strong></span> <span class='ocrx_word' id='word_1_64' title='bbox 1432 1002 1557 1050; x_wconf 90' lang='lat' dir='ltr'><strong>Rate</strong></span> <span class='ocrx_word' id='word_1_65' title='bbox 1586 1011 1619 1048; x_wconf 65' lang='lat' dir='ltr'><strong>*t</strong></span> <span class='ocrx_word' id='word_1_66' title='bbox 1656 1003 1714 1050; x_wconf 91' lang='lat' dir='ltr'><strong>de</strong></span> <span class='ocrx_word' id='word_1_67' title='bbox 1749 1003 2014 1065; x_wconf 85' lang='lat' dir='ltr'><strong>kynfawnis</strong></span> <span class='ocrx_word' id='word_1_68' title='bbox 2046 1003 2148 1051; x_wconf 71' lang='lat' dir='ltr'><strong>infae</strong></span> <span class='ocrx_word' id='word_1_69' title='bbox 2181 1004 2373 1052; x_wconf 86' lang='lat' dir='ltr'><strong>balliam</strong></span> 
     </span>
     <span class='ocr_line' id='line_1_9' title="bbox 450 1073 2374 1155; baseline 0.001 -16"><span class='ocrx_word' id='word_1_70' title='bbox 450 1099 585 1140; x_wconf 64' lang='lat' dir='ltr'><strong>vram</strong></span> <span class='ocrx_word' id='word_1_71' title='bbox 608 1095 759 1141; x_wconf 84' lang='lat' dir='ltr'><strong>eciam</strong></span> <span class='ocrx_word' id='word_1_72' title='bbox 783 1110 840 1140; x_wconf 90' lang='lat' dir='ltr'><strong>eo</strong></span> <span class='ocrx_word' id='word_1_73' title='bbox 864 1100 1027 1154; x_wconf 79' lang='lat' dir='ltr'><strong>tempe</strong></span> <span class='ocrx_word' id='word_1_74' title='bbox 1050 1109 1144 1154; x_wconf 93' lang='lat' dir='ltr'><strong>quo</strong></span> <span class='ocrx_word' id='word_1_75' title='bbox 1168 1093 1256 1139; x_wconf 62' lang='lat' dir='ltr'><strong>doe</strong></span> <span class='ocrx_word' id='word_1_76' title='bbox 1278 1073 1363 1140; x_wconf 57' lang='grc' dir='ltr'><strong>Ῥω</strong></span> <span class='ocrx_word' id='word_1_77' title='bbox 1393 1093 1453 1139; x_wconf 88' lang='lat' dir='ltr'><strong>ad</strong></span> <span class='ocrx_word' id='word_1_78' title='bbox 1484 1092 1654 1140; x_wconf 49' lang='lat' dir='ltr'><strong>f&#39;mam</strong></span> <span class='ocrx_word' id='word_1_79' title='bbox 1685 1093 1933 1150; x_wconf 84' lang='lat' dir='ltr'><strong>bladorum</strong></span> <span class='ocrx_word' id='word_1_80' title='bbox 1952 1108 1967 1141; x_wconf 79' lang='lat' dir='ltr'><em>s</em></span> <span class='ocrx_word' id='word_1_81' title='bbox 1988 1091 2109 1142; x_wconf 89' lang='lat' dir='ltr'><strong>ficut</strong></span> <span class='ocrx_word' id='word_1_82' title='bbox 2132 1110 2190 1141; x_wconf 91' lang='lat' dir='ltr'><strong>eo</strong></span> <span class='ocrx_word' id='word_1_83' title='bbox 2212 1100 2374 1155; x_wconf 80' lang='lat' dir='ltr'><strong>tempe</strong></span> 
     </span>
     <span class='ocr_line' id='line_1_10' title="bbox 450 1164 2376 1247; baseline 0.001 -17"><span class='ocrx_word' id='word_1_84' title='bbox 450 1200 543 1245; x_wconf 90' lang='lat' dir='ltr'><strong>quo</strong></span> <span class='ocrx_word' id='word_1_85' title='bbox 568 1186 627 1231; x_wconf 87' lang='lat' dir='ltr'><strong>ad</strong></span> <span class='ocrx_word' id='word_1_86' title='bbox 651 1185 882 1241; x_wconf 57' lang='lat' dir='ltr'><strong>denariou</strong></span> <span class='ocrx_word' id='word_1_87' title='bbox 909 1184 1094 1230; x_wconf 86' lang='lat' dir='ltr'><strong>firmam</strong></span> <span class='ocrx_word' id='word_1_88' title='bbox 1125 1164 1267 1230; x_wconf 61' lang='lat' dir='ltr'><strong>filant</strong></span> <span class='ocrx_word' id='word_1_89' title='bbox 1298 1180 1500 1230; x_wconf 84' lang='lat' dir='ltr'><strong>affedate</strong></span> <span class='ocrx_word' id='word_1_90' title='bbox 1534 1188 1626 1243; x_wconf 71' lang='lat' dir='ltr'><strong>put</strong></span> <span class='ocrx_word' id='word_1_91' title='bbox 1658 1185 1709 1230; x_wconf 89' lang='lat' dir='ltr'><strong>in</strong></span> <span class='ocrx_word' id='word_1_92' title='bbox 1743 1190 1873 1231; x_wconf 88' lang='lat' dir='ltr'><strong>carta</strong></span> <span class='ocrx_word' id='word_1_93' title='bbox 1903 1185 1979 1230; x_wconf 66' lang='lat' dir='ltr'><strong>dci</strong></span> <span class='ocrx_word' id='word_1_94' title='bbox 2010 1183 2092 1230; x_wconf 76' lang='lat' dir='ltr'><strong>d&#39;fii</strong></span> <span class='ocrx_word' id='word_1_95' title='bbox 2122 1185 2198 1231; x_wconf 78' lang='grc' dir='ltr'><strong>11ῗὶ</strong></span> <span class='ocrx_word' id='word_1_96' title='bbox 2229 1185 2376 1247; x_wconf 86' lang='lat' dir='ltr'><strong>Regis</strong></span> 
     </span>
     <span class='ocr_line' id='line_1_11' title="bbox 451 1261 2375 1335; baseline -0.001 -13"><span class='ocrx_word' id='word_1_97' title='bbox 451 1275 639 1335; x_wconf 85' lang='lat' dir='ltr'><strong>plenius</strong></span> <span class='ocrx_word' id='word_1_98' title='bbox 655 1272 893 1322; x_wconf 81' lang='lat' dir='ltr'><strong>continetz</strong></span> <span class='ocrx_word' id='word_1_99' title='bbox 913 1302 923 1312; x_wconf 91' lang='lat'><strong>·</strong></span> <span class='ocrx_word' id='word_1_100' title='bbox 943 1273 1098 1321; x_wconf 87' lang='lat' dir='ltr'><strong>Vobis</strong></span> <span class='ocrx_word' id='word_1_101' title='bbox 1115 1274 1395 1320; x_wconf 83' lang='lat' dir='ltr'><strong>mandamus</strong></span> <span class='ocrx_word' id='word_1_102' title='bbox 1411 1281 1444 1319; x_wconf 57' lang='lat' dir='ltr'><strong>*t</strong></span> <span class='ocrx_word' id='word_1_103' title='bbox 1463 1261 1700 1335; x_wconf 63' lang='lat' dir='ltr'><strong>ficipimus</strong></span> <span class='ocrx_word' id='word_1_104' title='bbox 1718 1271 1905 1334; x_wconf 57' lang='lat' dir='ltr'><strong>qaetinus</strong></span> <span class='ocrx_word' id='word_1_105' title='bbox 1923 1270 2029 1321; x_wconf 88' lang='lat' dir='ltr'><strong>vifis</strong></span> <span class='ocrx_word' id='word_1_106' title='bbox 2041 1273 2238 1335; x_wconf 80' lang='lat' dir='ltr'><strong>piitibus</strong></span> <span class='ocrx_word' id='word_1_107' title='bbox 2254 1273 2375 1321; x_wconf 86' lang='lat' dir='ltr'><strong>iuste</strong></span> 
     </span>
     <span class='ocr_line' id='line_1_12' title="bbox 450 1346 2377 1426; baseline 0 -14"><span class='ocrx_word' id='word_1_108' title='bbox 450 1376 483 1412; x_wconf 56' lang='grc' dir='ltr'><strong>’ἲ</strong></span> <span class='ocrx_word' id='word_1_109' title='bbox 506 1366 706 1414; x_wconf 89' lang='lat' dir='ltr'><strong>indilate</strong></span> <span class='ocrx_word' id='word_1_110' title='bbox 735 1365 1035 1426; x_wconf 90' lang='lat' dir='ltr'><strong>compellatis</strong></span> <span class='ocrx_word' id='word_1_111' title='bbox 1067 1365 1178 1411; x_wconf 68' lang='grc'>(1638</span> <span class='ocrx_word' id='word_1_112' title='bbox 1207 1346 1312 1411; x_wconf 57' lang='lat' dir='ltr'><strong>Pras</strong></span> <span class='ocrx_word' id='word_1_113' title='bbox 1340 1372 1374 1410; x_wconf 50' lang='grc' dir='ltr'>ἲ</span> <span class='ocrx_word' id='word_1_114' title='bbox 1405 1363 1691 1410; x_wconf 64' lang='lat' dir='ltr'><strong>lihetenEtes</strong></span> <span class='ocrx_word' id='word_1_115' title='bbox 1726 1362 1855 1420; x_wconf 70' lang='lat' dir='ltr'><strong>0an</strong></span> <span class='ocrx_word' id='word_1_116' title='bbox 1877 1364 1937 1411; x_wconf 89' lang='lat' dir='ltr'><strong>ad</strong></span> <span class='ocrx_word' id='word_1_117' title='bbox 1959 1362 2255 1411; x_wconf 80' lang='lat' dir='ltr'><strong>satiffaciend</strong></span> <span class='ocrx_word' id='word_1_118' title='bbox 2278 1366 2377 1412; x_wconf 64' lang='lat' dir='ltr'><strong>dcis</strong></span> 
     </span>
     <span class='ocr_line' id='line_1_13' title="bbox 452 1452 2379 1520; baseline -0.002 -15"><span class='ocrx_word' id='word_1_119' title='bbox 452 1455 702 1520; x_wconf 85' lang='lat' dir='ltr'><strong>Religiofis</strong></span> <span class='ocrx_word' id='word_1_120' title='bbox 726 1457 785 1503; x_wconf 93' lang='lat' dir='ltr'><strong>de</strong></span> <span class='ocrx_word' id='word_1_121' title='bbox 809 1457 910 1502; x_wconf 64' lang='lat' dir='ltr'><strong>dcis</strong></span> <span class='ocrx_word' id='word_1_122' title='bbox 933 1455 1118 1501; x_wconf 62' lang='lat' dir='ltr'><strong>secr-ldis</strong></span> <span class='ocrx_word' id='word_1_123' title='bbox 1141 1455 1338 1501; x_wconf 82' lang='lat' dir='ltr'><strong>decimis</strong></span> <span class='ocrx_word' id='word_1_124' title='bbox 1362 1454 1421 1500; x_wconf 91' lang='lat' dir='ltr'><strong>de</strong></span> <span class='ocrx_word' id='word_1_125' title='bbox 1444 1458 1548 1500; x_wconf 89' lang='lat' dir='ltr'><strong>toto</strong></span> <span class='ocrx_word' id='word_1_126' title='bbox 1572 1459 1734 1516; x_wconf 81' lang='lat' dir='ltr'><strong>tempe</strong></span> <span class='ocrx_word' id='word_1_127' title='bbox 1757 1452 1965 1500; x_wconf 59' lang='lat' dir='ltr'><strong>toensacto</strong></span> <span class='ocrx_word' id='word_1_128' title='bbox 1986 1467 2000 1500; x_wconf 76' lang='lat' dir='ltr'><em>s</em></span> <span class='ocrx_word' id='word_1_129' title='bbox 2023 1469 2116 1515; x_wconf 92' lang='lat' dir='ltr'><strong>quo</strong></span> <span class='ocrx_word' id='word_1_130' title='bbox 2138 1453 2261 1515; x_wconf 71' lang='lat' dir='ltr'><strong>sciliJ,</strong></span> <span class='ocrx_word' id='word_1_131' title='bbox 2284 1482 2294 1492; x_wconf 92' lang='lat'><strong>·</strong></span> <span class='ocrx_word' id='word_1_132' title='bbox 2319 1456 2379 1501; x_wconf 87' lang='lat' dir='ltr'><strong>ab</strong></span> 
     </span>
     <span class='ocr_line' id='line_1_14' title="bbox 451 1524 2381 1610; baseline -0.002 -16"><span class='ocrx_word' id='word_1_133' title='bbox 451 1547 567 1610; x_wconf 59' lang='lat' dir='ltr'><strong>ipawp</strong></span> <span class='ocrx_word' id='word_1_134' title='bbox 590 1547 781 1594; x_wconf 65' lang='lat' dir='ltr'><strong>solucsse</strong></span> <span class='ocrx_word' id='word_1_135' title='bbox 805 1543 1030 1593; x_wconf 85' lang='lat' dir='ltr'><strong>ceffatum</strong></span> <span class='ocrx_word' id='word_1_136' title='bbox 1054 1526 1161 1592; x_wconf 65' lang='lat' dir='ltr'><strong>fflat</strong></span> <span class='ocrx_word' id='word_1_137' title='bbox 1182 1552 1216 1590; x_wconf 57' lang='grc' dir='ltr'><strong>’ἲ</strong></span> <span class='ocrx_word' id='word_1_138' title='bbox 1239 1524 1473 1605; x_wconf 54' lang='lat' dir='ltr'><strong>simplicii.)</strong></span> <span class='ocrx_word' id='word_1_139' title='bbox 1495 1543 1555 1590; x_wconf 92' lang='lat' dir='ltr'><strong>de</strong></span> <span class='ocrx_word' id='word_1_140' title='bbox 1585 1525 1711 1590; x_wconf 60' lang='lat' dir='ltr'><strong>Pmis</strong></span> <span class='ocrx_word' id='word_1_141' title='bbox 1740 1551 1773 1589; x_wconf 54' lang='lat' dir='ltr'><strong>*t</strong></span> <span class='ocrx_word' id='word_1_142' title='bbox 1806 1544 2048 1604; x_wconf 79' lang='lat' dir='ltr'><strong>tempibus</strong></span> <span class='ocrx_word' id='word_1_143' title='bbox 2081 1546 2176 1591; x_wconf 92' lang='lat' dir='ltr'><strong>iam</strong></span> <span class='ocrx_word' id='word_1_144' title='bbox 2211 1545 2381 1591; x_wconf 83' lang='lat' dir='ltr'><strong>futuris</strong></span> 
     </span>
     <span class='ocr_line' id='line_1_15' title="bbox 452 1616 2380 1702; baseline -0.002 -16"><span class='ocrx_word' id='word_1_145' title='bbox 452 1639 532 1686; x_wconf 88' lang='lat' dir='ltr'><strong>Ita</strong></span> <span class='ocrx_word' id='word_1_146' title='bbox 566 1655 601 1702; x_wconf 78' lang='lat' dir='ltr'>q</span> <span class='ocrx_word' id='word_1_147' title='bbox 633 1653 719 1700; x_wconf 89' lang='lat' dir='ltr'><strong>pro</strong></span> <span class='ocrx_word' id='word_1_148' title='bbox 744 1636 832 1683; x_wconf 60' lang='lat' dir='ltr'><strong>vi‘o</strong></span> <span class='ocrx_word' id='word_1_149' title='bbox 867 1637 1058 1683; x_wconf 67' lang='lat' dir='ltr'><strong>defectu</strong></span> <span class='ocrx_word' id='word_1_150' title='bbox 1089 1651 1186 1682; x_wconf 89' lang='lat' dir='ltr'><strong>non</strong></span> <span class='ocrx_word' id='word_1_151' title='bbox 1222 1640 1441 1696; x_wconf 85' lang='lat' dir='ltr'><strong>oporteat</strong></span> <span class='ocrx_word' id='word_1_152' title='bbox 1473 1636 1585 1682; x_wconf 64' lang='lat' dir='ltr'><strong>dcos</strong></span> <span class='ocrx_word' id='word_1_153' title='bbox 1620 1633 1884 1697; x_wconf 87' lang='lat' dir='ltr'><strong>Religiosos</strong></span> <span class='ocrx_word' id='word_1_154' title='bbox 1911 1634 1998 1696; x_wconf 81' lang='lat' dir='ltr'><strong>sup</strong></span> <span class='ocrx_word' id='word_1_155' title='bbox 2027 1636 2119 1682; x_wconf 88' lang='lat' dir='ltr'><strong>hoc</strong></span> <span class='ocrx_word' id='word_1_156' title='bbox 2141 1616 2295 1682; x_wconf 55' lang='lat' dir='ltr'><strong>leius</strong></span> <span class='ocrx_word' id='word_1_157' title='bbox 2322 1637 2380 1682; x_wconf 89' lang='lat' dir='ltr'><strong>ad</strong></span> 
     </span>
     <span class='ocr_line' id='line_1_16' title="bbox 451 1723 2383 1792; baseline -0.002 -16"><span class='ocrx_word' id='word_1_158' title='bbox 451 1745 537 1776; x_wconf 92' lang='lat' dir='ltr'><strong>nos</strong></span> <span class='ocrx_word' id='word_1_159' title='bbox 570 1744 790 1776; x_wconf 89' lang='lat' dir='ltr'><strong>recurere</strong></span> <span class='ocrx_word' id='word_1_160' title='bbox 823 1727 1100 1792; x_wconf 75' lang='lat' dir='ltr'><strong>9querendo</strong></span> <span class='ocrx_word' id='word_1_161' title='bbox 1125 1751 1135 1762; x_wconf 85' lang='lat'><strong>·</strong></span> <span class='ocrx_word' id='word_1_162' title='bbox 1160 1725 1440 1773; x_wconf 90' lang='lat' dir='ltr'><strong>Inhibemus</strong></span> <span class='ocrx_word' id='word_1_163' title='bbox 1473 1724 1610 1789; x_wconf 84' lang='lat' dir='ltr'><strong>insup</strong></span> <span class='ocrx_word' id='word_1_164' title='bbox 1638 1741 1699 1772; x_wconf 89' lang='lat' dir='ltr'><strong>ne</strong></span> <span class='ocrx_word' id='word_1_165' title='bbox 1732 1727 1838 1787; x_wconf 92' lang='lat' dir='ltr'><strong>quis</strong></span> <span class='ocrx_word' id='word_1_166' title='bbox 1872 1727 2038 1787; x_wconf 91' lang='lat' dir='ltr'><strong>quauis</strong></span> <span class='ocrx_word' id='word_1_167' title='bbox 2061 1723 2296 1786; x_wconf 88' lang='lat' dir='ltr'><strong>potestate</strong></span> <span class='ocrx_word' id='word_1_168' title='bbox 2330 1726 2383 1772; x_wconf 72' lang='lat' dir='ltr'><strong>ui</strong></span> 
     </span>
     <span class='ocr_line' id='line_1_17' title="bbox 451 1815 2383 1880; baseline -0.003 -12"><span class='ocrx_word' id='word_1_169' title='bbox 451 1819 619 1868; x_wconf 57' lang='lat' dir='ltr'><strong>aucoete</strong></span> <span class='ocrx_word' id='word_1_170' title='bbox 652 1821 765 1866; x_wconf 67' lang='lat' dir='ltr'><strong>dc&#39;os</strong></span> <span class='ocrx_word' id='word_1_171' title='bbox 797 1816 1060 1880; x_wconf 86' lang='lat' dir='ltr'><strong>Religiosos</strong></span> <span class='ocrx_word' id='word_1_172' title='bbox 1083 1816 1169 1880; x_wconf 83' lang='lat' dir='ltr'><strong>sup</strong></span> <span class='ocrx_word' id='word_1_173' title='bbox 1195 1817 1295 1863; x_wconf 61' lang='lat' dir='ltr'><strong>dcis</strong></span> <span class='ocrx_word' id='word_1_174' title='bbox 1327 1815 1511 1863; x_wconf 75' lang='lat' dir='ltr'><strong>secfidis</strong></span> <span class='ocrx_word' id='word_1_175' title='bbox 1543 1818 1672 1864; x_wconf 84' lang='lat' dir='ltr'><strong>decis</strong></span> <span class='ocrx_word' id='word_1_176' title='bbox 1702 1822 1786 1864; x_wconf 87' lang='lat' dir='ltr'><strong>aut</strong></span> <span class='ocrx_word' id='word_1_177' title='bbox 1820 1832 1912 1874; x_wconf 58' lang='lat' dir='ltr'><strong>ean</strong></span> <span class='ocrx_word' id='word_1_178' title='bbox 1944 1817 2153 1878; x_wconf 65' lang='lat' dir='ltr'><strong>pcepcoe</strong></span> <span class='ocrx_word' id='word_1_179' title='bbox 2186 1817 2383 1877; x_wconf 90' lang='lat' dir='ltr'><strong>impedi-</strong></span> 
     </span>
     <span class='ocr_line' id='line_1_18' title="bbox 452 1904 2382 1973; baseline -0.004 -14"><span class='ocrx_word' id='word_1_180' title='bbox 452 1917 587 1959; x_wconf 68' lang='lat' dir='ltr'><strong>metfi</strong></span> <span class='ocrx_word' id='word_1_181' title='bbox 621 1909 801 1973; x_wconf 85' lang='lat' dir='ltr'><strong>prestet</strong></span> <span class='ocrx_word' id='word_1_182' title='bbox 822 1923 836 1956; x_wconf 79' lang='lat' dir='ltr'><em>s</em></span> <span class='ocrx_word' id='word_1_183' title='bbox 858 1924 1118 1972; x_wconf 87' lang='lat' dir='ltr'><strong>grauamen</strong></span> <span class='ocrx_word' id='word_1_184' title='bbox 1149 1914 1234 1955; x_wconf 91' lang='lat' dir='ltr'><strong>aut</strong></span> <span class='ocrx_word' id='word_1_185' title='bbox 1264 1906 1530 1955; x_wconf 88' lang='lat' dir='ltr'><strong>molestiam</strong></span> <span class='ocrx_word' id='word_1_186' title='bbox 1564 1908 1738 1970; x_wconf 87' lang='lat' dir='ltr'><strong>inferat</strong></span> <span class='ocrx_word' id='word_1_187' title='bbox 1769 1922 1957 1968; x_wconf 90' lang='lat' dir='ltr'><strong>quoquo</strong></span> <span class='ocrx_word' id='word_1_188' title='bbox 1986 1908 2128 1953; x_wconf 93' lang='lat' dir='ltr'><strong>modo</strong></span> <span class='ocrx_word' id='word_1_189' title='bbox 2152 1934 2162 1944; x_wconf 92' lang='lat'><strong>·</strong></span> <span class='ocrx_word' id='word_1_190' title='bbox 2188 1904 2274 1966; x_wconf 82' lang='lat' dir='ltr'><strong>sup</strong></span> <span class='ocrx_word' id='word_1_191' title='bbox 2300 1904 2382 1952; x_wconf 78' lang='lat' dir='ltr'><strong>dffi</strong></span> 
     </span>
     <span class='ocr_line' id='line_1_19' title="bbox 454 1995 2382 2064; baseline -0.003 -16"><span class='ocrx_word' id='word_1_192' title='bbox 454 2002 531 2048; x_wconf 64' lang='lat' dir='ltr'><strong>nri</strong></span> <span class='ocrx_word' id='word_1_193' title='bbox 555 2002 702 2064; x_wconf 87' lang='lat' dir='ltr'><strong>Regis</strong></span> <span class='ocrx_word' id='word_1_194' title='bbox 725 2009 758 2047; x_wconf 56' lang='lat' dir='ltr'><strong>*t</strong></span> <span class='ocrx_word' id='word_1_195' title='bbox 781 2005 919 2047; x_wconf 60' lang='lat' dir='ltr'><strong>nram</strong></span> <span class='ocrx_word' id='word_1_196' title='bbox 943 1999 1157 2061; x_wconf 68' lang='lat' dir='ltr'><strong>plenaria</strong></span> <span class='ocrx_word' id='word_1_197' title='bbox 1179 1995 1484 2045; x_wconf 63' lang='lat' dir='ltr'><strong>foriffafflam</strong></span> <span class='ocrx_word' id='word_1_198' title='bbox 1507 2024 1517 2035; x_wconf 91' lang='lat'><strong>·</strong></span> <span class='ocrx_word' id='word_1_199' title='bbox 1543 1997 1641 2046; x_wconf 62' lang='lat' dir='ltr'><strong>Dat</strong></span> <span class='ocrx_word' id='word_1_200' title='bbox 1664 1998 1749 2046; x_wconf 93' lang='lat' dir='ltr'><strong>sub</strong></span> <span class='ocrx_word' id='word_1_201' title='bbox 1771 1996 1923 2060; x_wconf 76' lang='lat' dir='ltr'><strong>sigillo</strong></span> <span class='ocrx_word' id='word_1_202' title='bbox 1946 2002 2034 2044; x_wconf 67' lang='lat' dir='ltr'><strong>nro</strong></span> <span class='ocrx_word' id='word_1_203' title='bbox 2055 1995 2235 2044; x_wconf 88' lang='lat' dir='ltr'><strong>secreto</strong></span> <span class='ocrx_word' id='word_1_204' title='bbox 2258 1997 2382 2058; x_wconf 91' lang='lat' dir='ltr'><strong>apud</strong></span> 
     </span>
     <span class='ocr_line' id='line_1_20' title="bbox 453 2086 2383 2154; baseline -0.004 -14"><span class='ocrx_word' id='word_1_205' title='bbox 453 2093 593 2154; x_wconf 91' lang='lat' dir='ltr'><strong>perth</strong></span> <span class='ocrx_word' id='word_1_206' title='bbox 618 2093 804 2139; x_wconf 90' lang='lat' dir='ltr'><strong>decimo</strong></span> <span class='ocrx_word' id='word_1_207' title='bbox 827 2092 996 2137; x_wconf 72' lang='lat' dir='ltr'><strong>octauo</strong></span> <span class='ocrx_word' id='word_1_208' title='bbox 1024 2090 1102 2136; x_wconf 92' lang='lat' dir='ltr'><strong>die</strong></span> <span class='ocrx_word' id='word_1_209' title='bbox 1129 2086 1303 2135; x_wconf 86' lang='lat' dir='ltr'><strong>menfis</strong></span> <span class='ocrx_word' id='word_1_210' title='bbox 1337 2088 1573 2151; x_wconf 86' lang='lat' dir='ltr'><strong>ffebruarij</strong></span> <span class='ocrx_word' id='word_1_211' title='bbox 1607 2116 1617 2126; x_wconf 88' lang='lat'><strong>·</strong></span> <span class='ocrx_word' id='word_1_212' title='bbox 1644 2089 1790 2136; x_wconf 91' lang='lat' dir='ltr'><strong>Anno</strong></span> <span class='ocrx_word' id='word_1_213' title='bbox 1825 2087 1907 2135; x_wconf 73' lang='lat' dir='ltr'><strong>dfii</strong></span> <span class='ocrx_word' id='word_1_214' title='bbox 1937 2087 2068 2137; x_wconf 74' lang='grc'>(01110</span> <span class='ocrx_word' id='word_1_215' title='bbox 2104 2114 2114 2125; x_wconf 91' lang='lat'><strong>·</strong></span> <span class='ocrx_word' id='word_1_216' title='bbox 2151 2087 2383 2143; x_wconf 86' lang='lat' dir='ltr'><strong>Quadrin-</strong></span> 
     </span>
     <span class='ocr_line' id='line_1_21' title="bbox 454 2178 1922 2246; baseline -0.004 -15"><span class='ocrx_word' id='word_1_217' title='bbox 454 2187 561 2246; x_wconf 67' lang='lat' dir='ltr'><strong>gem⁰</strong></span> <span class='ocrx_word' id='word_1_218' title='bbox 586 2211 596 2221; x_wconf 93' lang='lat'>-</span> <span class='ocrx_word' id='word_1_219' title='bbox 622 2181 845 2230; x_wconf 86' lang='lat' dir='ltr'><strong>vicefimo</strong></span> <span class='ocrx_word' id='word_1_220' title='bbox 867 2182 1021 2243; x_wconf 92' lang='lat' dir='ltr'><strong>primo</strong></span> <span class='ocrx_word' id='word_1_221' title='bbox 1046 2207 1056 2218; x_wconf 87' lang='lat'><strong>·</strong></span> <span class='ocrx_word' id='word_1_222' title='bbox 1084 2180 1150 2226; x_wconf 92' lang='lat' dir='ltr'><strong>Et</strong></span> <span class='ocrx_word' id='word_1_223' title='bbox 1173 2184 1261 2226; x_wconf 69' lang='lat' dir='ltr'><strong>nfe</strong></span> <span class='ocrx_word' id='word_1_224' title='bbox 1284 2180 1548 2241; x_wconf 71' lang='lat' dir='ltr'><strong>guBnacb‘is</strong></span> <span class='ocrx_word' id='word_1_225' title='bbox 1571 2195 1694 2226; x_wconf 91' lang='lat' dir='ltr'><strong>anno</strong></span> <span class='ocrx_word' id='word_1_226' title='bbox 1718 2178 1889 2226; x_wconf 78' lang='lat' dir='ltr'><strong>secfido</strong></span> <span class='ocrx_word' id='word_1_227' title='bbox 1913 2204 1922 2214; x_wconf 93' lang='lat'><strong>·</strong></span> 
     </span>
    </p>
   </div>
   <div class='ocr_carea' id='block_1_5' title="bbox 456 2351 2143 2423">
    <p class='ocr_par' dir='ltr' id='par_1_5' title="bbox 456 2351 2143 2423">
     <span class='ocr_line' id='line_1_22' title="bbox 456 2351 2143 2423; baseline -0.007 -10"><span class='ocrx_word' id='word_1_228' title='bbox 456 2368 636 2413; x_wconf 64' lang='lat' dir='ltr'><strong>Actum</strong></span> <span class='ocrx_word' id='word_1_229' title='bbox 661 2351 973 2413; x_wconf 83' lang='lat' dir='ltr'><strong>Parliamenti</strong></span> <span class='ocrx_word' id='word_1_230' title='bbox 995 2362 1027 2409; x_wconf 91' lang='lat' dir='ltr'><strong>J</strong></span> <span class='ocrx_word' id='word_1_231' title='bbox 1030 2363 1165 2409; x_wconf 85' lang='lat' dir='ltr'><strong>acobi</strong></span> <span class='ocrx_word' id='word_1_232' title='bbox 1189 2362 1337 2423; x_wconf 87' lang='lat' dir='ltr'><strong>Regis</strong></span> <span class='ocrx_word' id='word_1_233' title='bbox 1361 2361 1421 2407; x_wconf 89' lang='lat' dir='ltr'><strong>de</strong></span> <span class='ocrx_word' id='word_1_234' title='bbox 1443 2358 1661 2406; x_wconf 87' lang='lat' dir='ltr'><strong>secundis</strong></span> <span class='ocrx_word' id='word_1_235' title='bbox 1685 2358 1880 2405; x_wconf 89' lang='lat' dir='ltr'><strong>decimis</strong></span> <span class='ocrx_word' id='word_1_236' title='bbox 1904 2357 1963 2403; x_wconf 89' lang='lat' dir='ltr'><strong>de</strong></span> <span class='ocrx_word' id='word_1_237' title='bbox 1982 2356 2111 2403; x_wconf 88' lang='lat' dir='ltr'><strong>Rath</strong></span> <span class='ocrx_word' id='word_1_238' title='bbox 2133 2381 2143 2391; x_wconf 92' lang='lat'><strong>·</strong></span> 
     </span>
    </p>
   </div>
   <div class='ocr_carea' id='block_1_6' title="bbox 456 2534 2390 2779">
    <p class='ocr_par' dir='ltr' id='par_1_6' title="bbox 456 2534 2390 2779">
     <span class='ocr_line' id='line_1_23' title="bbox 457 2534 2383 2610; baseline -0.008 -14"><span class='ocrx_word' id='word_1_239' title='bbox 457 2534 657 2597; x_wconf 69' lang='lat' dir='ltr'><strong>A&amp;um</strong></span> <span class='ocrx_word' id='word_1_240' title='bbox 679 2546 982 2610; x_wconf 87' lang='lat' dir='ltr'><strong>parliamenti</strong></span> <span class='ocrx_word' id='word_1_241' title='bbox 1005 2541 1279 2591; x_wconf 87' lang='lat' dir='ltr'><strong>sereniffimi</strong></span> <span class='ocrx_word' id='word_1_242' title='bbox 1311 2543 1536 2604; x_wconf 88' lang='lat' dir='ltr'><strong>principis</strong></span> <span class='ocrx_word' id='word_1_243' title='bbox 1572 2540 1751 2587; x_wconf 90' lang='lat' dir='ltr'><strong>domini</strong></span> <span class='ocrx_word' id='word_1_244' title='bbox 1777 2538 1810 2585; x_wconf 90' lang='lat' dir='ltr'><strong>J</strong></span> <span class='ocrx_word' id='word_1_245' title='bbox 1812 2538 1947 2585; x_wconf 90' lang='lat' dir='ltr'><strong>acobi</strong></span> <span class='ocrx_word' id='word_1_246' title='bbox 1975 2538 2051 2584; x_wconf 89' lang='lat' dir='ltr'><strong>dei</strong></span> <span class='ocrx_word' id='word_1_247' title='bbox 2079 2537 2232 2598; x_wconf 87' lang='lat' dir='ltr'><strong>gratia</strong></span> <span class='ocrx_word' id='word_1_248' title='bbox 2261 2536 2383 2597; x_wconf 87' lang='lat' dir='ltr'><strong>regis</strong></span> 
     </span>
     <span class='ocr_line' id='line_1_24' title="bbox 459 2623 2390 2696; baseline -0.009 -9"><span class='ocrx_word' id='word_1_249' title='bbox 459 2641 714 2688; x_wconf 87' lang='lat' dir='ltr'><strong>Scotorum</strong></span> <span class='ocrx_word' id='word_1_250' title='bbox 745 2635 940 2684; x_wconf 84' lang='lat' dir='ltr'><strong>illustris</strong></span> <span class='ocrx_word' id='word_1_251' title='bbox 971 2636 1099 2683; x_wconf 90' lang='lat' dir='ltr'><strong>tenti</strong></span> <span class='ocrx_word' id='word_1_252' title='bbox 1133 2635 1260 2696; x_wconf 90' lang='lat' dir='ltr'><strong>apud</strong></span> <span class='ocrx_word' id='word_1_253' title='bbox 1292 2633 1573 2695; x_wconf 89' lang='lat' dir='ltr'><strong>Edinburgh</strong></span> <span class='ocrx_word' id='word_1_254' title='bbox 1606 2630 1936 2678; x_wconf 89' lang='lat' dir='ltr'><strong>tertiodecimo</strong></span> <span class='ocrx_word' id='word_1_255' title='bbox 1971 2628 2048 2674; x_wconf 90' lang='lat' dir='ltr'><strong>die</strong></span> <span class='ocrx_word' id='word_1_256' title='bbox 2077 2623 2248 2674; x_wconf 89' lang='lat' dir='ltr'><strong>menfis</strong></span> <span class='ocrx_word' id='word_1_257' title='bbox 2278 2627 2390 2672; x_wconf 90' lang='lat' dir='ltr'><strong>maii</strong></span> 
     </span>
     <span class='ocr_line' id='line_1_25' title="bbox 456 2712 2383 2779; baseline -0.01 0"><span class='ocrx_word' id='word_1_258' title='bbox 456 2747 566 2779; x_wconf 92' lang='lat' dir='ltr'><strong>cum</strong></span> <span class='ocrx_word' id='word_1_259' title='bbox 604 2729 968 2778; x_wconf 88' lang='lat' dir='ltr'><strong>continuatione</strong></span> <span class='ocrx_word' id='word_1_260' title='bbox 1009 2727 1194 2773; x_wconf 91' lang='lat' dir='ltr'><strong>dierum</strong></span> <span class='ocrx_word' id='word_1_261' title='bbox 1232 2724 1379 2771; x_wconf 92' lang='lat' dir='ltr'><strong>Anno</strong></span> <span class='ocrx_word' id='word_1_262' title='bbox 1421 2722 1601 2769; x_wconf 90' lang='lat' dir='ltr'><strong>domini</strong></span> <span class='ocrx_word' id='word_1_263' title='bbox 1637 2715 1888 2766; x_wconf 89' lang='lat' dir='ltr'><strong>millefimo</strong></span> <span class='ocrx_word' id='word_1_264' title='bbox 1927 2712 2383 2778; x_wconf 87' lang='lat' dir='ltr'><strong>quadringentefimo</strong></span> 
     </span>
    </p>
   </div>
   <div class='ocr_carea' id='block_1_7' title="bbox 459 2983 2392 3402">
    <p class='ocr_par' dir='ltr' id='par_1_7' title="bbox 459 2983 2386 3060">
     <span class='ocr_line' id='line_1_26' title="bbox 459 2983 2386 3060; baseline -0.012 -8"><span class='ocrx_word' id='word_1_265' title='bbox 459 3005 605 3052; x_wconf 89' lang='lat' dir='ltr'><strong>endas</strong></span> <span class='ocrx_word' id='word_1_266' title='bbox 646 3010 697 3050; x_wconf 91' lang='lat' dir='ltr'><strong>et</strong></span> <span class='ocrx_word' id='word_1_267' title='bbox 734 3001 1120 3049; x_wconf 87' lang='lat' dir='ltr'><strong>determinandas</strong></span> <span class='ocrx_word' id='word_1_268' title='bbox 1157 2997 1423 3060; x_wconf 89' lang='lat' dir='ltr'><strong>specialiter</strong></span> <span class='ocrx_word' id='word_1_269' title='bbox 1463 2993 1704 3055; x_wconf 86' lang='lat' dir='ltr'><strong>deputatis</strong></span> <span class='ocrx_word' id='word_1_270' title='bbox 1741 2987 2019 3037; x_wconf 88' lang='lat' dir='ltr'><strong>Venerabili</strong></span> <span class='ocrx_word' id='word_1_271' title='bbox 2053 2991 2187 3047; x_wconf 89' lang='lat' dir='ltr'><strong>patre</strong></span> <span class='ocrx_word' id='word_1_272' title='bbox 2226 2983 2386 3031; x_wconf 89' lang='lat' dir='ltr'><strong>Adam</strong></span> 
     </span>
    </p>

    <p class='ocr_par' dir='ltr' id='par_1_8' title="bbox 459 3075 2388 3153">
     <span class='ocr_line' id='line_1_27' title="bbox 459 3075 2388 3153; baseline -0.012 -10"><span class='ocrx_word' id='word_1_273' title='bbox 459 3097 634 3144; x_wconf 90' lang='lat' dir='ltr'><strong>abbate</strong></span> <span class='ocrx_word' id='word_1_274' title='bbox 657 3091 942 3153; x_wconf 57' lang='lat' dir='ltr'><strong>monasterij*</strong></span> <span class='ocrx_word' id='word_1_275' title='bbox 964 3093 1024 3138; x_wconf 92' lang='lat' dir='ltr'><strong>de</strong></span> <span class='ocrx_word' id='word_1_276' title='bbox 1059 3090 1218 3138; x_wconf 86' lang='lat' dir='ltr'><strong>Scona</strong></span> <span class='ocrx_word' id='word_1_277' title='bbox 1251 3104 1312 3135; x_wconf 85' lang='lat' dir='ltr'><strong>ex</strong></span> <span class='ocrx_word' id='word_1_278' title='bbox 1337 3102 1430 3133; x_wconf 89' lang='lat' dir='ltr'><strong>vna</strong></span> <span class='ocrx_word' id='word_1_279' title='bbox 1452 3091 1502 3132; x_wconf 90' lang='lat' dir='ltr'><strong>et</strong></span> <span class='ocrx_word' id='word_1_280' title='bbox 1526 3083 1738 3130; x_wconf 88' lang='lat' dir='ltr'><strong>Roberto</strong></span> <span class='ocrx_word' id='word_1_281' title='bbox 1762 3081 1821 3126; x_wconf 90' lang='lat' dir='ltr'><strong>de</strong></span> <span class='ocrx_word' id='word_1_282' title='bbox 1844 3079 1943 3125; x_wconf 87' lang='lat' dir='ltr'><strong>Ros</strong></span> <span class='ocrx_word' id='word_1_283' title='bbox 1976 3083 2027 3124; x_wconf 88' lang='lat' dir='ltr'><strong>et</strong></span> <span class='ocrx_word' id='word_1_284' title='bbox 2059 3076 2223 3122; x_wconf 87' lang='lat' dir='ltr'><strong>thoma</strong></span> <span class='ocrx_word' id='word_1_285' title='bbox 2256 3075 2388 3122; x_wconf 88' lang='lat' dir='ltr'><strong>char-</strong></span> 
     </span>
    </p>

    <p class='ocr_par' dir='ltr' id='par_1_9' title="bbox 460 3165 2390 3237">
     <span class='ocr_line' id='line_1_28' title="bbox 460 3165 2390 3237; baseline -0.012 -3"><span class='ocrx_word' id='word_1_286' title='bbox 460 3189 546 3234; x_wconf 91' lang='lat' dir='ltr'><strong>tris</strong></span> <span class='ocrx_word' id='word_1_287' title='bbox 586 3186 735 3233; x_wconf 88' lang='lat' dir='ltr'><strong>libere</strong></span> <span class='ocrx_word' id='word_1_288' title='bbox 769 3183 1050 3231; x_wconf 88' lang='lat' dir='ltr'><strong>tenentibus</strong></span> <span class='ocrx_word' id='word_1_289' title='bbox 1090 3189 1325 3228; x_wconf 89' lang='lat' dir='ltr'><strong>terrarum</strong></span> <span class='ocrx_word' id='word_1_290' title='bbox 1361 3179 1420 3224; x_wconf 89' lang='lat' dir='ltr'><strong>de</strong></span> <span class='ocrx_word' id='word_1_291' title='bbox 1455 3175 1734 3237; x_wconf 86' lang='lat' dir='ltr'><strong>kynfawnys</strong></span> <span class='ocrx_word' id='word_1_292' title='bbox 1767 3170 1889 3216; x_wconf 85' lang='lat' dir='ltr'><strong>infra</strong></span> <span class='ocrx_word' id='word_1_293' title='bbox 1922 3167 2306 3215; x_wconf 85' lang='lat' dir='ltr'><strong>vicecomitatum</strong></span> <span class='ocrx_word' id='word_1_294' title='bbox 2331 3165 2390 3211; x_wconf 86' lang='lat' dir='ltr'><strong>de</strong></span> 
     </span>
    </p>

    <p class='ocr_par' dir='ltr' id='par_1_10' title="bbox 462 3254 2392 3402">
     <span class='ocr_line' id='line_1_29' title="bbox 462 3254 2392 3338; baseline -0.013 -13"><span class='ocrx_word' id='word_1_295' title='bbox 462 3277 610 3324; x_wconf 90' lang='lat' dir='ltr'><strong>Perth</strong></span> <span class='ocrx_word' id='word_1_296' title='bbox 643 3276 859 3338; x_wconf 89' lang='lat' dir='ltr'><strong>partibus</strong></span> <span class='ocrx_word' id='word_1_297' title='bbox 897 3289 959 3320; x_wconf 88' lang='lat' dir='ltr'><strong>ex</strong></span> <span class='ocrx_word' id='word_1_298' title='bbox 994 3273 1146 3320; x_wconf 88' lang='lat' dir='ltr'><strong>altera</strong></span> <span class='ocrx_word' id='word_1_299' title='bbox 1183 3270 1352 3316; x_wconf 68' lang='lat' dir='ltr'><strong>Dictus</strong></span> <span class='ocrx_word' id='word_1_300' title='bbox 1387 3266 1553 3313; x_wconf 90' lang='lat' dir='ltr'><strong>Abbas</strong></span> <span class='ocrx_word' id='word_1_301' title='bbox 1589 3278 1672 3325; x_wconf 90' lang='lat' dir='ltr'><strong>pro</strong></span> <span class='ocrx_word' id='word_1_302' title='bbox 1702 3260 1749 3307; x_wconf 93' lang='lat' dir='ltr'><strong>se</strong></span> <span class='ocrx_word' id='word_1_303' title='bbox 1785 3266 1836 3307; x_wconf 91' lang='lat' dir='ltr'><strong>et</strong></span> <span class='ocrx_word' id='word_1_304' title='bbox 1871 3257 1954 3306; x_wconf 90' lang='lat' dir='ltr'><strong>suo</strong></span> <span class='ocrx_word' id='word_1_305' title='bbox 1989 3254 2272 3304; x_wconf 85' lang='lat' dir='ltr'><strong>monasterio</strong></span> <span class='ocrx_word' id='word_1_306' title='bbox 2307 3270 2392 3316; x_wconf 88' lang='lat' dir='ltr'><strong>per</strong></span> 
     </span>
     <span class='ocr_line' id='line_1_30' title="bbox 1417 3370 1452 3402; baseline 0 0"><span class='ocrx_word' id='word_1_307' title='bbox 1417 3370 1452 3402; x_wconf 84' lang='lat' dir='ltr'>Y</span> 
     </span>
    </p>
   </div>
  </div>
 </body>
</html>
