3002 4030
418 519 533 551 am.
549 517 651 551 JAC.
669 518 724 550 11.
878 485 884 490 ’
961 504 1009 551 s.
1046 504 1441 553 TRINITATIS
1477 505 1568 552 DE
1604 506 1797 554 SCON.
2248 515 2335 585 191
2387 472 2405 481 .,

414 632 809 681 monasteriorum
862 634 1136 682 Abbatibus
1189 634 1534 696 Nobilibusque
1585 638 1696 684 viris
1747 637 1779 683 J
1783 638 1969 684 ohanne
2015 638 2338 700 scrymgeoure

413 722 792 771 conestabulario
832 725 892 771 de
934 724 1111 771 Dunde
1150 725 1305 771 milite
1343 725 1605 772 Malcolmo
1646 728 1706 773 (16
1743 727 2033 774 Montereffe
2073 729 2132 774 de
2172 730 2338 775 eodem

414 814 665 861 Willelmo
711 812 964 861 cranstoun
1004 816 1063 862 de
1102 814 1342 876 swinhope
1389 823 1438 862 et
1478 818 1694 864 nicholao
1740 819 1799 865 de
1840 818 2125 865 Ottirburne
2169 819 2339 865 clerico

412 904 702 951 Rotulorum
737 910 787 951 et
823 902 1031 966 Registri
1065 905 1360 951 auditoribus
1394 907 1454 952 ad
1488 905 1745 955 decisiones
1779 909 2078 969 querelarum
2113 916 2162 955 et
2186 907 2340 956 causa-

410 1010 518 1040 rum
552 994 822 1056 specialiter
856 995 1020 1042 eleffis
1055 995 1346 1056 Comparens
1386 996 1674 1043 honorabilis
1708 999 1779 1043 vir
1818 998 2036 1045 Andreas
2071 1000 2130 1045 de
2165 999 2339 1061 Ogilvy

411 1086 471 1130 de
517 1084 860 1145 Inchmertyne
905 1085 1044 1131 miles
1095 1087 1270 1132 citatus
1321 1086 1380 1131 ad
1431 1084 1704 1133 instantiam
1751 1088 2052 1136 Venerabilis
2097 1091 2243 1150 patris
2288 1092 2337 1135 in

411 1172 599 1220 Christo
634 1174 817 1222 Thome
857 1175 1065 1222 Abbatis
1100 1177 1159 1222 de
1199 1174 1356 1222 Scona
1389 1173 1690 1236 responsurus
1724 1177 1861 1239 super
1894 1179 2087 1239 querela
2118 1194 2203 1239 per
2236 1194 2339 1239 pre-

411 1266 564 1311 fatum
589 1266 912 1312 venerabilem
946 1271 1133 1327 patrem
1167 1282 1252 1327 pro
1285 1265 1333 1312 se
1369 1272 1419 1312 et
1454 1273 1695 1314 conventu
1723 1267 1804 1314 suo
1839 1275 2003 1315 contra
2037 1275 2086 1315 et
2120 1268 2338 1315 adversus

410 1357 651 1416 prefatum
670 1357 918 1402 dominum
936 1357 1161 1404 andream
1181 1363 1312 1404 mota
1335 1361 1385 1402 et
1409 1354 1624 1416 expofita
1646 1355 1886 1404 occasione
1909 1357 2117 1418 ejusdem
2141 1375 2257 1405 cane
2281 1360 2339 1404 de

412 1446 655 1491 frumento
701 1446 949 1492 annuatim
990 1443 1273 1494 monasterio
1315 1450 1374 1496 de
1416 1450 1573 1496 Scona
1612 1449 1671 1494 de
1716 1449 1854 1494 terris
1900 1449 1959 1494 de
2004 1447 2340 1508 Inchmertyne

412 1537 663 1583 antediffls
702 1535 865 1593 debite
901 1536 1058 1598 Super
1091 1538 1224 1599 cujus
1260 1555 1376 1586 cane
1411 1539 1647 1586 solutione
1681 1539 1891 1599 prefatus
1926 1538 2143 1584 dominus
2176 1537 2341 1584 Abbas

413 1624 573 1672 senfiit
614 1633 664 1672 et
704 1623 849 1672 sentit
887 1625 935 1673 se
976 1635 1267 1674 conventum
1305 1629 1441 1676 suum
1481 1645 1535 1676 ac
1576 1626 1911 1674 monasterium
1952 1629 2209 1673 enormiter
2244 1628 2341 1673 fore

412 1715 532 1764 lesos
555 1724 776 1779 gravatos
800 1723 850 1764 et
875 1718 1002 1765 ultra
1025 1720 1221 1765 modum
1255 1721 1572 1782 prejudicatos
1602 1734 1686 1779 pro
1711 1734 1767 1764 eo
1791 1724 1841 1764 et
1865 1733 1925 1764 ex
1950 1733 2006 1764 eo
2029 1719 2156 1778 quod
2178 1718 2258 1763 ubi
2283 1719 2342 1763 de

412 1824 531 1869 puro
551 1814 605 1855 et
629 1809 809 1855 mundo
833 1809 996 1855 tritico
1031 1808 1208 1856 eisdem
1232 1811 1415 1858 Abbati
1439 1817 1490 1857 et
1518 1811 1775 1856 conventui
1798 1824 1916 1856 cana
1938 1808 2121 1868 prefata
2143 1807 2342 1868 persolvi

415 1895 589 1947 debeat
625 1901 684 1946 de
708 1914 853 1960 quam
888 1900 1105 1960 plurimis
1140 1902 1462 1948 immundiciis
1486 1906 1536 1947 et
1560 1900 1810 1947 Seminum
1843 1898 2087 1944 inutilium
2121 1914 2343 1960 aggrega-

414 1967 625 2036 tionibtss
659 1986 852 2037 zizaniis
877 1987 988 2051 pifis
1010 1991 1272 2037 immundis
1296 2007 1405 2038 cum
1429 1971 1595 2036 mixtis
1619 1991 1780 2035 avenis
1804 1995 1854 2035 et
1877 1989 2064 2035 modico
2088 1989 2340 2035 admodum

414 2081 568 2126 mixto
591 2081 834 2127 frumento
858 2082 1053 2127 nomine
1075 2087 1268 2128 tantum
1292 2088 1342 2128 et
1366 2097 1462 2127 non
1485 2097 1536 2127 re
1558 2080 1796 2126 modernis
1830 2095 1957 2126 1111116
1992 2080 2157 2126 diebus
2180 2086 2345 2125 contra

416 2171 559 2216 deum
610 2168 949 2217 conscientiam
1003 2171 1178 2217 bonam
1231 2178 1281 2218 et
1326 2171 1662 2217 infeodationis
1707 2186 1824 2217 cane
1867 2168 2100 2231 sepedi&e
2145 2169 2343 2215 formam

415 2262 611 2307 modum
647 2267 697 2307 et
732 2267 954 2307 naturam
988 2262 1039 2307 in
1073 2277 1217 2323 grave
1253 2263 1512 2322 dampnum
1548 2268 1598 2308 et
1631 2262 1943 2322 prejudicium
1975 2276 2071 2306 non
2104 2261 2344 2306 modicum

417 2351 626 2398 Abbatis
666 2358 716 2397 et
757 2357 1021 2411 conventus
1067 2351 1387 2412 predi6torum
1434 2358 1484 2398 et
1529 2353 1579 2397 in
1625 2349 1831 2412 ipsorum
1877 2350 2047 2397 talium
2092 2349 2344 2395 Inutilium

418 2442 670 2488 Seminum
700 2447 750 2488 et
787 2441 1213 2488 Immundiciorum
1250 2443 1608 2504 aggregationes
1642 2441 2012 2502 persolventium
2044 2441 2344 2501 obprobrium

356 2583 367 2594 ,
419 2532 716 2593 duplicatum
756 2547 875 2579 cana
907 2531 1006 2593 ipsa
1045 2530 1327 2593 persolvitur
1362 2538 1504 2594 prout
1538 2533 1668 2579 idem
1702 2531 1869 2578 Abbas
1903 2533 1968 2582 im
1986 2545 2143 2576 rerum
2177 2536 2346 2576 natura

417 2621 687 2683 hujusmodi
712 2622 1014 2669 Solutionem
1046 2623 1240 2669 realiter
1272 2629 1321 2669 et
1356 2623 1413 2670 ad
1450 2622 1642 2669 oculum
1673 2620 1952 2668 ostendebat
1976 2620 2056 2667 Ad
2091 2620 2215 2680 quod
2243 2635 2346 2679 pre-

418 2714 546 2760 fatus
580 2713 801 2760 Andreas
835 2713 1012 2775 Ogilvy
1034 2713 1172 2759 miles
1206 2714 1256 2758 in
1291 2714 1533 2759 audientia
1567 2727 1660 2773 qua
1682 2710 1820 2773 supra
1853 2709 2042 2762 afferuit
2076 2717 2125 2756 et
2158 2709 2345 2770 publice

421 2802 490 2849 est
526 2801 759 2850 confefl'us
794 2804 920 2863 quod
956 2819 1017 2849 ex
1052 2799 1347 2850 conceffione
1381 2809 1431 2849 et
1465 2803 1788 2849 infeodatione
1818 2801 1931 2847 olim
1965 2800 2214 2847 recolende
2249 2814 2347 2844 me-

420 2895 570 2940 morie
602 2893 859 2939 Willielmi
895 2894 1134 2953 quondam
1160 2893 1413 2940 Scotorum
1438 2894 1562 2954 regis
1586 2892 1749 2939 Incliti
1773 2893 1831 2937 de
1854 2892 1992 2937 terris
2014 2890 2263 2936 antedictis
2287 2889 2345 2934 de

422 2985 764 3044 Inchmertyne
788 2985 868 3044 qui
892 2990 1009 3030 tunc
1032 2984 1261 3044 temporis
1283 2983 1490 3044 prefatas
1521 2988 1670 3029 terras
1692 2983 1741 3027 in
1764 2981 1974 3042 proprios
1988 2979 2106 3026 'usus
2127 2980 2346 3026 habuerit

423 3083 473 3122 et
509 3091 587 3121 eas
622 3075 872 3135 occupavit
906 3073 1005 3134 ipsa
1038 3089 1157 3120 cana
1184 3074 1411 3119 frumenti
1447 3071 1622 3132 eisdem
1645 3071 1827 3118 Abbati
1862 3077 1912 3117 et
1947 3071 2201 3117 conventui
2237 3070 2348 3115 data

421 3167 514 3212 fuit
555 3171 605 3211 et
644 3166 998 3226 imperpetuum
1044 3161 1256 3210 concessa
1295 3163 1402 3218 Que
1437 3163 1628 3223 quidem
1674 3177 1791 3208 cana
1835 3162 1894 3207 de
1933 3161 2172 3206 frumento
2196 3158 2349 3220 'super

421 3257 622 3309 fundum
650 3254 882 3302 dietarum
907 3261 1140 3302 terrarum
1165 3251 1405 3300 crescente
1429 3254 1554 3299 bene
1578 3258 1628 3298 et
1650 3251 1936 3299 sufficienter
1969 3267 2075 3298 cum
2113 3252 2265 3299 cribro
2300 3258 2350 3297 et
