3002 4030
536 899 646 940 20⁶2.

678 497 736 543 16
743 499 771 541 4
1375 493 1580 541 LIBER
1615 493 1942 542 ECCLESIE
2417 510 2514 543 sne.
2534 510 2616 543 xv.

694 716 839 764 Carta
861 716 1060 764 Rob'erti
1086 716 1279 778 Logane
1302 715 1468 762 militis
1491 717 1670 763 domini
1694 717 1755 763 de
1780 714 2016 779 Lestalrig
2039 717 2100 764 de
2123 718 2262 764 terris
2284 718 2344 764 de
2369 716 2545 766 Malles
2569 746 2578 755 ·

695 883 949 948 Omnibus
972 896 1143 944 Christi
1178 897 1397 944 fidelibus
1431 898 1553 945 hanc
1586 904 1766 945 cartam
1802 895 1987 945 Visuris
2022 898 2098 944 vel
2121 899 2353 945 audituris
2378 897 2616 946 Robertus

692 992 752 1038 de
776 989 970 1051 Logane
992 988 1130 1035 miles
1153 989 1373 1035 dominus
1396 989 1456 1035 de
1478 985 1688 1050 lestalrig
1704 1012 1715 1024 ·
1734 987 1954 1035 Salutem
1978 989 2027 1034 in
2053 988 2246 1035 domino
2265 987 2615 1050 Sempiternam

693 1080 865 1128 Sciatis
887 1094 966 1125 me
989 1094 1074 1140 pro
1096 1076 1248 1126 salute
1270 1080 1428 1126 anime
1445 1094 1552 1125 mee
1570 1084 1620 1125 et
1643 1076 1986 1125 antecessorum
2005 1093 2060 1125 ac
2077 1075 2385 1126 successorum
2404 1093 2617 1126 meorum

693 1166 866 1216 dedisse
889 1166 1155 1216 conceffiss'e
1179 1175 1230 1216 et
1251 1169 1340 1216 hac
1362 1168 1568 1231 presenti
1592 1175 1723 1216 carta
1746 1183 1854 1215 mea
1888 1165 2180 1216 confirmasse
2214 1169 2305 1215 deo
2339 1177 2390 1215 et
2423 1166 2619 1216 ecclefie

693 1258 856 1307 Sancti
882 1258 1136 1306 Michaelis
1159 1259 1219 1305 de
1242 1257 1382 1306 scona
1403 1275 1459 1306 ac
1482 1258 1665 1306 Abbati
1689 1264 1739 1305 et
1763 1257 2017 1307 Canonicis
2053 1259 2231 1305 ibidem
2265 1259 2355 1306 deo
2377 1258 2620 1306 servienti-

691 1352 780 1398 bus
819 1357 871 1397 et
914 1352 1267 1412 imperpetuum
1306 1347 1546 1397 servituris
1582 1351 1633 1396 in
1677 1364 1846 1411 puram
1887 1355 1939 1396 et
1986 1355 2267 1411 perpetuam
2316 1347 2618 1396 elemosinam

691 1456 857 1488 omnes
900 1447 1050 1488 terras
1094 1455 1225 1487 meas
1264 1441 1324 1487 de
1364 1440 1542 1487 Malles
1576 1440 1699 1487 infra
1732 1440 1899 1502 Goury
1934 1441 1994 1487 ad
2028 1439 2285 1487 Baroniam
2319 1441 2379 1487 de
2413 1438 2621 1502 lestalrig

690 1533 986 1593 pertinentes
1008 1547 1105 1578 una
1126 1546 1237 1579 cum
1259 1546 1419 1578 annuo
1440 1531 1633 1577 redditu
1655 1546 1764 1578 meo
1799 1529 1985 1592 septem
2008 1546 2273 1578 mercatum
2303 1546 2446 1592 quem
2480 1532 2617 1579 annis

691 1620 885 1684 singulis
909 1623 969 1668 de
992 1622 1128 1668 dictis
1149 1623 1290 1668 terris
1316 1623 1433 1668 meis
1455 1623 1697 1682 percipere
1731 1621 2066 1669 consueveram
2089 1647 2100 1658 ·
2123 1620 2324 1669 Tenend
2355 1628 2406 1669 et
2427 1621 2620 1669 habend

693 1714 840 1760 dictas
862 1719 1011 1760 terras
1034 1712 1218 1774 prefate
1241 1710 1438 1759 ecclefie
1460 1728 1516 1759 ac
1539 1711 1721 1759 Abbati
1757 1719 1807 1759 et
1842 1714 2080 1760 canonicis
2111 1719 2167 1759 ut
2189 1714 2486 1774 premittitur
2508 1728 2618 1760 cum

693 1805 836 1850 moris
857 1800 1088 1850 marrefiis
1110 1804 1257 1865 pratis
1280 1802 1435 1864 planis
1457 1801 1640 1864 pascuis
1666 1803 1832 1850 rivulis
1865 1802 2016 1851 boscis
2050 1804 2323 1851 nemoribus
2357 1805 2621 1851 venationi-

692 1895 781 1940 bus
815 1895 1209 1955 aucupationibus
1243 1900 1293 1941 et
1326 1892 1665 1956 piscationibus
1704 1886 1975 1954 Pariterque
2015 1909 2125 1940 cum
2166 1894 2383 1940 domibus
2424 1894 2621 1941 officinis

694 2000 715 2031 s
735 2012 744 2021 ·
764 1985 920 2031 fabrili
943 1982 1128 2032 brafina
1154 1990 1206 2032 et
1236 1986 1408 2032 ceteris
1441 1983 1729 2046 quibussibet
1764 1984 2011 2032 Similibus
2044 2000 2099 2031 ac
2129 1999 2238 2031 cum
2270 1985 2490 2031 omnibus
2518 1985 2622 2031 aliis

692 2076 995 2137 pertinentiis
1012 2075 1316 2123 libertatibus
1334 2081 1385 2122 et
1398 2072 1668 2123 afiamentis
1683 2081 1782 2122 tam
1795 2075 1920 2121 infra
1936 2081 2111 2121 terram
2131 2089 2272 2135 quam
2290 2072 2430 2136 supra
2446 2081 2621 2122 terram

694 2181 803 2212 cum
826 2165 921 2213 suis
943 2167 1083 2213 reffls
1115 2167 1259 2213 metis
1293 2172 1343 2213 et
1378 2163 1535 2213 divifis
1569 2182 1624 2213 ac
1658 2165 1763 2212 aliis
1797 2162 2170 2226 quibuscumque
2203 2166 2622 2213 commoditatibus

695 2263 795 2304 tam
818 2272 915 2303 non
938 2258 1195 2303 nominatis
1218 2272 1361 2318 quam
1383 2258 1641 2303 nominatis
1663 2257 1733 2303 ita
1766 2271 1884 2318 pure
1919 2255 2068 2302 libere
2103 2261 2154 2302 et
2180 2253 2457 2318 simpliciter
2478 2271 2620 2318 quam

694 2346 852 2407 aliqua
875 2343 1070 2393 ecclefia
1092 2346 1301 2407 aliquam
1334 2352 1511 2393 terram
1544 2343 1745 2407 possidet
1776 2348 1827 2393 in
1862 2347 2033 2409 Regno
2068 2345 2251 2393 Scocie‘
2271 2346 2400 2394 Volo
2434 2345 2622 2408 insuper

695 2442 746 2482 et
768 2437 976 2483 concedo
1000 2437 1126 2497 quod
1148 2436 1297 2484 libere
1320 2442 1543 2483 tenentes
1564 2443 1615 2483 et
1639 2436 1795 2484 incole
1818 2438 2050 2484 dictarum
2073 2444 2307 2484 terrarum
2339 2433 2403 2483 fic
2426 2452 2510 2497 per
2542 2453 2621 2484 me

694 2533 751 2573 ut
773 2528 1010 2588 prefertur
1033 2527 1181 2574 libere
1211 2543 1267 2575 ac
1298 2524 1576 2588 simpliciter
1604 2527 1889 2574 donatarum
1917 2526 2100 2575 Abbati
2131 2533 2182 2574 et
2215 2526 2352 2574 dietis
2384 2529 2621 2574 canonicis

699 2620 748 2664 in
781 2619 1001 2665 omnibus
1034 2624 1232 2680 pareant
1267 2618 1493 2665 obediant
1526 2624 1578 2665 et
1611 2616 1926 2679 respondeant
1957 2633 2014 2664 ac
2046 2618 2208 2665 omnia
2235 2615 2431 2665 servicia
2460 2618 2622 2665 debita

699 2714 749 2754 et
771 2707 997 2756 consueta
1024 2709 1179 2755 facere
1214 2714 1473 2755 teneantur
1503 2706 1625 2755 ficut
1655 2708 1800 2754 michi
1830 2708 2060 2754 hadaenus
2093 2708 2249 2755 facere
2282 2707 2623 2756 consueverant

699 2806 783 2846 aut
827 2800 887 2846 de
930 2799 964 2846 J
967 2815 1050 2846 ure
1096 2798 1360 2846 debuerant
1405 2799 1537 2854 Quas
1581 2798 1790 2859 quidem·
1824 2798 2132 2845 donationem
2182 2795 2527 2845 conceffionem
2573 2806 2622 2844 et

700 2891 1107 2937 confirmationem
1146 2895 1203 2936 ut
1241 2890 1477 2951 prefertur
1508 2904 1593 2950 per
1631 2902 1711 2934 me
1750 2902 1869 2949 pure
1906 2887 2055 2935 libere
2089 2904 2144 2936 ac
2171 2884 2448 2950 {impliciter
2480 2889 2623 2936 faustas

701 2983 1029 3041 prenominate
1063 2977 1258 3027 ecclesie
1293 2978 1475 3026 Abbati
1498 2985 1549 3026 et
1579 2978 1834 3026 Canonicis
1868 2985 2036 3026 contra
2069 2993 2234 3026 omnes
2281 2979 2497 3026 homines
2532 2995 2624 3026 wa-

702 3072 944 3119 rantizabo
967 3071 1163 3132 quitabo
1186 3076 1237 3118 et
1259 3071 1611 3132 imperpetuum
1635 3070 1887 3117 defendam
1910 3069 1971 3116 ad
1989 3070 2114 3131 quod
2132 3069 2332 3118 firmiter
2347 3085 2402 3117 ac
2418 3069 2624 3117 fideliter

704 3162 971 3208 faciendum
995 3162 1153 3224 obligo
1178 3175 1342 3209 omnes
1366 3167 1515 3208 terras
1539 3175 1672 3208 meas
1704 3166 1756 3207 et
1788 3160 2013 3221 precipue
2049 3160 2108 3207 de
2145 3158 2378 3222 Lestalrig
2411 3175 2467 3207 ac
2491 3174 2625 3206 meos
