2982 4016
335 1183 395 1225 23

439 518 554 554 REG.
581 518 694 551 WIL.
991 507 1039 554 S.
1076 509 1469 558 TRINITATIS
1505 511 1597 558 DE
1634 511 1827 560 SCON.
2308 522 2361 567 19

435 641 567 682 carta
588 637 787 697 predicti
812 637 962 684 Suani
998 637 1202 686 testatur
1225 640 1370 697 Saluo
1394 642 1583 690 servitio
1607 660 1715 690 meo
1782 642 1998 691 Testibus
2023 646 2229 708 Hugone
2254 666 2360 695 can-

435 726 626 773 cellario
662 744 770 774 meo
803 728 993 775 Comite
1019 729 1255 777 Duncano
1286 732 1499 779 Roberto
1535 734 1780 795 capellano
1816 751 1923 781 meo
1948 736 2152 782 Ricardo
2178 739 2235 784 de
2259 755 2362 800 pre-

432 817 589 864 benda
611 818 782 865 clerico
806 834 914 866 meo
939 820 1154 867 Roberto
1179 822 1402 870 Berkelai
1428 823 1678 872 Willelmo
1702 827 1839 873 vniec
1907 825 2053 887 Apud
2078 827 2267 874 Clunin.

431 997 577 1046 Carta
601 999 842 1047 Willelmi
867 1001 1014 1064 Regis
1040 1003 1098 1048 de
1124 1002 1331 1050 ecclefiis
1356 1005 1414 1050 de
1440 1005 1762 1052 Louchferver
1787 1013 1836 1053 et
1860 1007 2113 1054 Kerinton.

430 1165 730 1228 Willelmus
754 1183 863 1229 Rex
887 1183 1165 1230 Scottorum
1201 1187 1420 1232 omnibus
1443 1186 1601 1248 probis
1624 1189 1895 1235 hominibus
1930 1191 2079 1236 totius
2115 1196 2242 1237 terre
2277 1191 2358 1238 sue

426 1271 631 1319 salutem
700 1273 876 1320 Sciatis
910 1290 989 1320 me
1026 1273 1296 1322 concefliffe'
1327 1282 1377 1322 et
1411 1278 1499 1324 hac
1533 1294 1640 1325 mea
1675 1286 1805 1326 carta
1839 1279 2128 1326 confirmasse
2167 1281 2272 1327 Deo
2307 1288 2357 1328 et

425 1362 622 1410 ecclefie
659 1364 832 1411 Sancte
866 1365 1114 1412 Trinitatis
1151 1367 1210 1413 de
1248 1367 1375 1414 Scon
1411 1374 1460 1415 et
1495 1369 1656 1417 abbati
1692 1376 1741 1416 et
1776 1372 2013 1416 canonicis
2048 1372 2224 1418 ibidem
2251 1373 2355 1419 Deo

425 1453 741 1501 seruientibus
776 1454 1021 1503 ecclefiam
1059 1458 1117 1503 de
1144 1457 1470 1505 Louchferuer
1503 1467 1553 1506 et
1588 1459 1833 1507 ecclefiam
1857 1462 1916 1506 de
1940 1461 2212 1508 Kerintoun
2247 1479 2356 1509 cum

423 1547 562 1592 terris
586 1552 636 1592 et
661 1547 857 1593 decimis
895 1553 945 1594 et
978 1550 1343 1596 rectitudinibus
1378 1552 1598 1598 omnibus
1633 1553 1691 1598 ad
1715 1558 1967 1612 utramque
2001 1552 2189 1599 illarum
2214 1556 2355 1614 perti-

423 1637 653 1683 nentibus
677 1637 805 1684 Volo
841 1640 1006 1699 itaque
1030 1645 1080 1687 et
1103 1642 1312 1702 precipio
1336 1647 1392 1687 ut
1417 1644 1633 1689 canonici
1667 1643 1840 1703 prefati
1874 1644 2106 1704 predictas
2138 1643 2354 1691 ecclesias

422 1728 491 1773 ita
514 1728 663 1775 libere
688 1735 738 1775 et
762 1731 925 1789 quiete
948 1747 1058 1777 cum
1083 1733 1303 1779 omnibus
1338 1733 1398 1779 ad
1430 1748 1508 1779 eas
1543 1735 1894 1794 pertinentibus
1919 1740 2116 1780 teneant
2141 1741 2189 1781 et
2213 1733 2348 1795 poffi-

421 1819 567 1865 deant
590 1817 713 1866 ficut
744 1821 903 1881 alique
935 1819 1131 1869 ecclefie
1155 1824 1205 1868 in
1229 1829 1357 1870 terra
1390 1839 1498 1870 mea
1531 1824 1725 1870 liberius
1749 1831 1799 1870 et
1823 1826 2028 1885 quietius
2051 1831 2280 1872 tenentur
2302 1833 2352 1873 et

421 1907 716 1970 poffidentur
771 1911 990 1959 Testibus
1013 1912 1213 1961 Andrea
1236 1913 1455 1976 episcopo
1483 1916 1541 1962 de
1566 1916 1772 1962 Catenes
1810 1915 2045 1962 Nicholao
2070 1917 2349 1963 cancellario

423 1999 646 2048 Waltero
669 2002 768 2048 filio
793 2002 941 2050 Alani
967 2005 1177 2066 dapifero
1204 2004 1407 2052 Matheo
1431 2007 1758 2053 archidiacono
1827 2005 1974 2067 Apud
1999 2006 2346 2054 Dunfermelin.

419 2181 565 2229 Carta
587 2182 809 2246 Hugonis
834 2185 894 2231 de
918 2184 1186 2232 Caledouer
1207 2184 1347 2247 super
1368 2187 1420 2233 xl
1445 2188 1562 2234 acris
1585 2188 1635 2233 in
1659 2187 1969 2251 Buthyrgasc.

322 2368 384 2410 ⁶24
422 2349 594 2428 Hugo
620 2366 678 2411 de
702 2365 969 2413 Caledouer
992 2367 1213 2413 omnibus
1236 2368 1509 2414 hominibus
1533 2374 1584 2414 et
1607 2370 1770 2415 amicis
1793 2368 1886 2415 suis
1910 2368 2110 2416 salutem
2180 2370 2346 2419 Sciant

416 2462 517 2503 tam
551 2456 794 2517 presentes
828 2473 972 2518 quam
1002 2458 1154 2505 futuri
1188 2474 1266 2504 me
1298 2457 1473 2505 dediffe
1505 2465 1556 2505 et
1590 2457 1857 2507 conceffiffe
1881 2467 1930 2507 et
1954 2462 2043 2508 hac
2078 2477 2184 2508 mea
2212 2468 2344 2509 carta

414 2545 707 2595 confirmasse
744 2546 940 2594 ecclefie
966 2548 1139 2595 Sancte
1163 2549 1410 2596 Trinitatis
1434 2551 1493 2595 de
1517 2549 1675 2596 Scona
1694 2556 1744 2597 et
1767 2553 2004 2599 canonicis
2037 2552 2213 2598 ibidem
2239 2553 2342 2599 Deo

408 2638 725 2686 seruientibus
743 2645 794 2686 et
808 2638 1056 2686 seruitutis
1080 2641 1384 2702 quatraginta
1406 2656 1536 2687 acras
1559 2647 1690 2688 terre>
1709 2642 1838 2688 culte
1861 2644 1910 2688 in
1931 2642 2209 2705 Buthirgasc
2233 2659 2341 2690 cum

412 2745 510 2776 uno
533 2730 657 2776 tofto
682 2736 732 2777 et
756 2731 907 2777 crofto
931 2732 981 2776 in
1006 2732 1173 2777 eadem
1191 2731 1305 2777 villa
1326 2733 1636 2792 proximiores
1659 2734 1874 2779 terminis
1898 2734 1956 2780 de
1971 2732 2266 2795 Buthurgasc
2289 2740 2338 2781 et

411 2821 472 2867 de
496 2820 655 2882 Petyn
678 2837 789 2867 cum
812 2823 1056 2868 communi
1079 2820 1269 2882 pastura
1299 2827 1350 2868 et
1380 2822 1484 2868 aliis
1519 2820 1818 2883 ayfiamentis
1849 2824 1908 2869 de
1931 2823 2226 2885 Buthurgasc
2249 2840 2333 2884 pro

408 2909 561 2957 salute
579 2912 737 2957 anime
755 2927 861 2958 mee
881 2918 930 2958 et
945 2913 1107 2958 uxoris
1130 2927 1237 2958 mee
1254 2912 1370 2959 Sare
1394 2924 1444 2958 et
1463 2914 1676 2958 omnium
1694 2911 2034 2959 antecess'orum
2052 2928 2264 2959 meorum
2283 2921 2332 2960 et

406 2998 716 3047 successorum
734 3002 783 3047 in
802 3001 1001 3048 liberam
1026 2991 1382 3063 et⁸perpetuam
1400 3000 1706 3048 elemosinam
1774 3002 1932 3057 Quare
1951 3002 2057 3048 volo
2081 3008 2136 3048 ut
2158 3004 2329 3063 prefati

404 3092 620 3137 canonici
655 3092 890 3152 prefatam
913 3098 1091 3138 terram
1116 3098 1315 3138 teneant
1340 3093 1399 3138 de
1421 3107 1500 3137 me
1524 3097 1574 3137 et
1596 3091 1850 3137 heredibus
1874 3093 1992 3138 meis
2016 3093 2086 3138 ita
2108 3092 2256 3139 libere
2281 3101 2330 3140 et

403 3182 569 3242 quiete
591 3181 804 3242 plenarie
828 3187 878 3228 et
901 3182 1159 3229 honorifice
1183 3181 1303 3229 ficut
1326 3182 1484 3242 aliqua
1506 3182 1674 3227 domus
1704 3179 1919 3242 religiosa
1952 3182 2002 3226 in
2037 3188 2150 3238 totav
2165 3182 2327 3230 Scotia

400 3273 461 3318 de
484 3272 643 3333 aliquo
666 3272 844 3319 barone
868 3272 1063 3319 liberius
1098 3278 1149 3319 et
1177 3273 1386 3333 quietius
1420 3272 1660 3332 plenarius
1692 3277 1827 3318 tenet
1856 3277 1906 3318 et
1938 3272 2327 3321 honorificentius
