2982 4016
687 538 775 580 100
1356 527 1562 575 LIBER
1598 525 1929 573 ECCLESIE
2374 540 2474 574 sne.
2501 541 2609 574 ΧΠ.

683 686 817 719 emus
858 671 1042 733 plenius
1082 670 1269 717 allocari
1341 667 1397 713 ln
1438 667 1571 713 cuius
1611 667 1675 711 rei
1718 664 2047 711 testimonium
2085 665 2168 712 has
2207 665 2394 713 litteras
2434 664 2614 714 nostras

684 768 904 823 patentes
950 763 999 807 in
1044 768 1327 821 perpetuum
1378 758 1626 803 duraturas
1671 752 1846 800 eisdem
1897 750 2125 815 religiosis
2170 754 2372 802 fecimus
2425 755 2615 803 liberari

688 852 868 899 Datum
893 851 1038 911 Apud
1064 849 1208 895 Perth
1234 843 1336 907 xiij⁰
1359 847 1435 893 die
1459 845 1680 893 O&obris
1705 844 1851 890 Anno
1878 845 2013 905 regni
2041 842 2189 892 nostri
2214 844 2367 893 Sexto
2390 846 2576 894 decimo
2601 875 2611 884 ·

686 1033 829 1079 Carta
852 1031 1050 1077 Roberti
1074 1028 1220 1091 Regis
1255 1028 1314 1074 de
1347 1028 1532 1074 decima
1565 1025 1924 1093 amerciamenti
1959 1026 2019 1072 ad
2043 1026 2271 1074 fabricam
2305 1026 2616 1089 persolvenda

686 1121 878 1170 ecclefie
900 1122 959 1168 de
983 1120 1138 1167 Scona
1161 1145 1170 1156 ·

565 1305 650 1349 136
688 1289 941 1351 Robertus
965 1303 1040 1349 dei
1065 1301 1233 1349 Gratia
1250 1300 1357 1346 Rex
1382 1299 1658 1346 Scottorum
1684 1300 1954 1346 vicecomiti
1980 1306 2031 1346 et
2054 1299 2243 1347 ballivis
2265 1299 2360 1349 suis
2384 1303 2444 1349 de
2463 1302 2612 1350 Perth

683 1396 761 1455 qui
785 1410 868 1456 pro
891 1401 1106 1454 tempore
1129 1393 1307 1438 fuerint
1331 1389 1531 1437 salutem
1583 1390 1815 1446 Quamvis
1838 1389 2119 1452 quibusdam
2142 1390 2352 1454 personis
2371 1410 2432 1441 ex
2455 1392 2615 1442 nostra

680 1486 837 1547 gracia
875 1484 1063 1545 speciali
1106 1479 1442 1528 Remiffionem
1484 1482 1780 1541 quorundam
1814 1479 2007 1528 suorum
2048 1484 2527 1531 amerciamentorum
2561 1486 2612 1531 in

682 1577 850 1636 quibus
873 1591 1028 1621 coram
1052 1573 1306 1620 iusticiario
1342 1570 1498 1618 nostro
1534 1588 1595 1619 ex
1630 1579 1766 1633 parte
1799 1573 1968 1620 boriali
2002 1575 2146 1620 maris
2167 1571 2319 1621 scocie
2349 1591 2537 1622 necnon
2561 1583 2612 1623 et

682 1667 957 1712 vicecomite
997 1663 1152 1711 nostro
1198 1664 1256 1709 de
1299 1663 1445 1709 Perth
1492 1663 1780 1710 multociens
1826 1661 2138 1712 conceffimus
2178 1665 2400 1713 volumus
2444 1668 2613 1729 utique

680 1758 803 1817 quod
843 1753 1157 1815 unusquisque
1196 1756 1276 1815 qui
1317 1769 1476 1801 coram
1518 1754 1678 1815 aliquo
1718 1752 1987 1801 nostrorum
2029 1754 2352 1803 ministrorum
2396 1758 2447 1804 in
2487 1760 2614 1806 vice-

678 1849 908 1894 comitatu
943 1847 1002 1892 de
1027 1846 1174 1892 Perth
1198 1846 1247 1891 in
1272 1845 1432 1906 aliquo
1456 1843 1616 1892 nostro
1640 1847 2013 1893 amerciamento
2047 1847 2271 1894 inciderit
2295 1854 2346 1895 et
2368 1849 2419 1895 in
2442 1850 2611 1897 eodem

677 1939 1051 1999 condempnatus
1075 1938 1218 1984 fuerit
1253 1938 1377 1998 quod
1414 1937 1534 1983 illud
1568 1937 1994 1984 amerciamentum
2028 1952 2115 1998 per
2146 1935 2386 1985 remissum
2418 1945 2610 1987 tantum

677 2029 829 2089 quoad
852 2043 938 2074 nos
962 2029 1057 2074 vim
1081 2034 1245 2074 teneat
1314 2027 1378 2074 Et
1403 2029 1530 2088 quod
1554 2028 1740 2074 decima
1766 2028 1879 2074 inde
1902 2029 2186 2090 proveniens
2208 2044 2295 2091 per
2317 2045 2401 2077 vos
2424 2030 2613 2078 levetur

677 2126 726 2165 et
750 2120 925 2166 fabrice
950 2116 1143 2165 ecclefie
1167 2119 1225 2164 de
1250 2117 1407 2165 Scona
1441 2118 1741 2181 integraliter
1773 2117 2070 2180 persolvatur
2090 2121 2142 2167 in
2164 2126 2453 2182 perpetuum
2477 2122 2612 2170 nulla

677 2210 769 2257 alia
802 2210 1087 2271 allegatione
1122 2209 1415 2270 impediente
1482 2208 1692 2256 Tantum
1726 2210 1839 2256 inde
1873 2226 1936 2257 ne
1970 2211 2036 2258 ab
2053 2209 2250 2258 Abbate
2284 2218 2336 2258 et
2367 2219 2610 2260 conventu

679 2302 737 2347 de
763 2300 918 2347 Scona
940 2316 1024 2361 pro
1049 2301 1235 2346 defe&u
1260 2297 1413 2346 vestro
1436 2298 1607 2348 iustam
1631 2302 1978 2362 querimoniam
2002 2317 2099 2348 non
2122 2303 2371 2350 audiamus
2425 2303 2609 2351 Datum

681 2391 824 2452 Apud
850 2392 1008 2437 dunde
1032 2391 1167 2437 xxix⁰
1191 2391 1266 2436 die
1291 2391 1581 2438 Novembris
1605 2391 1752 2438 Anno
1775 2394 1910 2455 regni
1933 2390 2080 2439 nostri
2103 2391 2326 2441 vicefimo
2348 2396 2501 2456 primo
2526 2423 2537 2432 ·

682 2571 964 2633 Preccptum
994 2572 1192 2618 Roberti
1223 2573 1367 2635 Regis
1401 2588 1462 2619 ne
1497 2580 1624 2621 terre
1659 2572 2008 2636 Religiosorum
2044 2576 2105 2622 de
2141 2574 2298 2623 Scona
2332 2575 2608 2626 nullatenus

679 2663 801 2709 infra
824 2662 1028 2709 Balliam
1052 2663 1111 2709 de
1135 2663 1277 2710 forfar
1299 2669 1559 2711 onerentur
1582 2691 1592 2701 ·

559 2842 647 2887 137
682 2829 940 2892 Robertus
964 2845 1041 2891 dei
1065 2844 1234 2892 Gratia
1251 2844 1359 2891 Rex
1384 2844 1662 2892 Scottorum
1686 2848 1958 2895 vicecomiti
1982 2854 2032 2894 et
2055 2848 2243 2896 ballivis
2267 2848 2361 2897 suis
2385 2852 2444 2898 de
2467 2852 2611 2900 forfar

678 2936 877 2984 fizlutem
916 2936 1197 2983 mandamus
1230 2937 1363 2982 vobis
1400 2943 1449 2983 et
1488 2938 1776 2998 precipimus
1816 2944 2054 3000 quatenus
2093 2946 2244 2988 terras
2282 2940 2608 3005 religiosorum

679 3029 883 3074 virorum
919 3027 1103 3074 abbatis
1126 3033 1176 3074 et
1199 3034 1464 3074 conventus
1487 3029 1547 3075 de
1571 3027 1728 3075 Scona
1761 3044 1877 3089 quas
1910 3035 2082 3078 tenent
2105 3032 2155 3078 in
2177 3047 2346 3094 puram
2371 3039 2421 3080 et
2442 3049 2610 3096 perpe-

680 3125 811 3165 tuam
847 3116 1149 3165 elemosinam
1183 3120 1307 3165 infra
1330 3118 1535 3166 Balliam
1570 3120 1621 3164 in
1655 3119 1892 3181 aliquibus
1926 3119 2060 3182 prifis
2094 3124 2400 3184 capcionibus
2433 3131 2610 3172 marto-

680 3223 784 3254 rum
820 3224 1047 3268 equorum
1081 3211 1268 3272 cafiagij
1294 3210 1566 3256 multonum
1589 3210 1814 3258 focalium
1849 3218 1934 3259 aut
1956 3214 2008 3260 in
2030 3212 2158 3261 Aliis
2181 3213 2390 3262 serviciis
2424 3216 2614 3276 quibus-

680 3314 884 3359 cumque
918 3314 1003 3345 nos
1037 3301 1427 3362 contingentibus
1458 3300 1734 3349 nullatenus
1768 3304 1978 3351 oneretis
2001 3301 2099 3351 ‘nifi
2133 3320 2282 3366 quum
2315 3306 2432 3354 alias
2462 3313 2613 3355 terras
