2982 4016
431 556 546 591 ΒΕΘ.
572 558 714 591 ALEx.
741 558 818 590 111.
988 544 1037 592 S.
1073 543 1469 592 TRINITATIS
1501 543 1593 591 DE
1630 543 1823 593 SCON.
2307 552 2367 599 77

429 674 712 723 clericorum
748 678 830 737 qui
865 677 925 723 ad
960 677 1149 724 ordines
1184 677 1366 724 fuerint
1399 678 1711 739 promovendi
1746 694 1775 725 a
1809 675 2071 740 dyocesano
2105 675 2366 740 suscipietis

430 766 665 830 Episcopo
712 765 749 814 fi
795 769 988 829 quidem
1035 768 1298 816 catholicus
1342 770 1488 816 fuerit
1533 775 1584 835 et
1629 770 1833 832 gratiam
1879 774 1930 816 et
1979 771 2364 817 communionem

428 855 720 905 sacrosan&e
754 857 877 906 sedis
914 859 1133 907 Romane
1167 861 1388 908 habuerit
1423 866 1474 907 et
1506 876 1564 907 ea
1593 861 1727 907 vobis
1763 860 1970 908 voluerit
2003 858 2103 908 fine
2131 862 2367 922 pravitate

428 950 646 1010 qualibet
681 951 908 998 exhibere
993 951 1308 999 Prohibemus
1342 949 1533 1014 insuper
1565 957 1621 998 ut
1657 953 1782 999 infra
1813 952 1933 999 fines
1966 953 2189 1014 parochie
2216 950 2369 1000 vestre

428 1041 591 1088 nullus
615 1038 715 1089 fine
738 1040 918 1089 affensu
952 1041 1202 1105 dyocesani
1237 1041 1459 1105 Episcopi
1483 1049 1534 1090 et
1557 1041 1710 1090 vestro
1746 1043 1979 1105 capellam
2004 1042 2085 1091 seu
2109 1045 2369 1092 oratorium

429 1134 490 1180 de
529 1150 655 1181 novo
696 1132 968 1181 construere
1008 1135 1184 1182 audeat
1224 1133 1364 1182 salvis
1409 1135 1670 1198 privilegiis
1715 1135 1999 1197 pontificum
2039 1136 2368 1184 Romanorum

428 1224 511 1272 Ad
555 1226 646 1273 hec
686 1240 832 1272 novas
872 1231 923 1272 et
963 1227 1200 1273 indebitas
1246 1227 1523 1273 exaffiones
1562 1226 1622 1273 ab
1662 1225 2044 1289 Archiepiscopis
2074 1241 2090 1275 s
2124 1227 2368 1291 Episcopis

428 1315 795 1363 Archidiaconis
825 1315 908 1363 seu
945 1317 1137 1364 decanis
1173 1315 1370 1378 aliisque
1405 1317 1626 1363 omnibus
1661 1315 1987 1365 ecclesiasticis
2023 1317 2368 1367 secularibusve

427 1405 638 1469 personis
657 1424 685 1455 a
702 1408 836 1454 vobis
854 1408 1076 1454 omnibus
1100 1407 1203 1454 fieri
1221 1408 1528 1469 prohibemus
1576 1407 1887 1469 Sepulturam
1905 1425 2094 1470 quoque
2112 1408 2256 1472 ipfius
2275 1412 2367 1460 loci

428 1499 629 1546 liberam
658 1497 751 1546 effe
786 1500 1087 1546 decernimus
1110 1506 1166 1546 ut
1199 1515 1365 1547 eorum
1401 1499 1647 1546 devotioni
1681 1505 1732 1546 et
1773 1506 1990 1547 extreme
2024 1500 2264 1549 voluntati
2288 1504 2370 1564 qui

423 1588 472 1637 se
496 1590 597 1638 illic
621 1589 810 1652 sepeliri
830 1591 1201 1638 deliberaverint
1223 1588 1314 1637 nifi
1331 1591 1455 1637 forte
1480 1592 1887 1639 excommunicati
1906 1592 1984 1639 vel
2007 1593 2250 1640 interdi&i
2274 1592 2368 1640 fint

425 1689 511 1730 aut
535 1683 682 1729 etiam
705 1683 898 1745 publice
921 1681 1116 1744 usurarij
1142 1683 1306 1730 nullus
1335 1680 1529 1730 obfifiat
1613 1682 1760 1731 Salua
1788 1690 1952 1731 tamen
1976 1683 2156 1733 iustitia
2178 1686 2368 1733 illarum

426 1772 731 1821 ecclefiarum
755 1791 784 1822 a
806 1775 979 1836 quibus
1003 1781 1302 1821 mortuorum
1322 1791 1519 1837 corpora
1540 1772 1837 1822 assumuntur
1903 1776 2129 1824 Decimas
2151 1785 2370 1839 preterea

426 1872 478 1914 et
499 1863 799 1928 poffeffiones
822 1867 883 1914 ad
898 1867 980 1928 jus
1004 1863 1310 1914 ecclefiarum
1347 1865 1608 1914 vestrarum
1632 1865 1897 1928 specstantes
1925 1883 2018 1929 que
2041 1885 2070 1915 a
2093 1869 2224 1915 laicis
2248 1871 2369 1917 deti-

425 1964 604 2006 nentur
626 1959 894 2006 redimendi
912 1964 963 2006 et
981 1959 1220 2022 legittime
1238 1959 1472 2006 liberandi
1496 1958 1556 2004 de
1578 1959 1799 2005 manibus
1818 1975 1983 2006 eorum
2002 1966 2052 2006 et
2070 1961 2130 2007 ad
2148 1959 2368 2008 ecclefias

426 2051 488 2098 ad
511 2065 627 2112 quas
645 2050 892 2112 pertinent
914 2051 1170 2097 revocandi
1194 2051 1343 2098 libera
1365 2048 1424 2097 fit
1443 2050 1577 2097 vobis
1601 2051 1661 2097 de
1683 2048 1843 2097 nostra
1865 2052 2149 2099 auctoritate
2167 2053 2369 2100 facultas

427 2142 656 2191 Obeunte
680 2158 792 2189 vero
816 2148 867 2189 te
890 2158 1019 2189 nunc
1048 2140 1258 2203 ejusdem
1294 2142 1387 2189 loci
1422 2142 1597 2189 abbate
1621 2141 1697 2189 vel
1733 2148 1926 2189 tuorum
1952 2143 2167 2204 quolibet
2190 2143 2369 2192 succes-

425 2233 582 2282 sarum
611 2234 774 2280 nullus
803 2234 870 2280 ibi
901 2234 1114 2295 qualibet
1150 2231 1458 2295 surreptionis
1491 2230 1664 2280 astutia
1697 2231 1780 2280 seu
1814 2234 2045 2282 violentia
2082 2243 2371 2298 preponatur

424 2323 514 2373 nifi
550 2341 695 2387 quem
735 2326 905 2372 fratres
946 2327 1188 2372 communi
1230 2323 1459 2373 consensu
1494 2325 1571 2371 vel
1606 2325 1808 2372 fratrum
1847 2327 1999 2388 major
2037 2343 2145 2388 pars
2183 2325 2366 2390 confilij

426 2416 622 2466 sanioris
644 2415 906 2464 secundum
931 2417 1075 2463 deum
1099 2423 1149 2463 et
1172 2417 1303 2463 beati
1327 2414 1588 2478 Augustini
1607 2416 1846 2479 Regulam
1869 2412 2164 2480 providerint
2188 2419 2368 2481 eligen-

430 2511 546 2557 dum
632 2509 747 2555 Paci
771 2524 960 2570 quoque
979 2514 1030 2555 et
1053 2508 1393 2569 tranquillitati
1418 2505 1571 2555 vestre
1586 2493 1787 2569 paterna
1808 2510 1859 2555 in
1881 2507 2123 2570 posterum
2145 2508 2372 2557 sollicitu-

426 2603 538 2649 dine
571 2600 821 2663 providere
845 2600 1063 2647 volentes
1087 2601 1369 2647 auctoritate
1405 2597 1661 2661 apostolica
1688 2600 1995 2661 prohibemus
2018 2606 2074 2647 ut
2097 2601 2221 2648 infra
2243 2602 2371 2649 clau-

426 2692 555 2741 suras
606 2693 821 2739 locorum
854 2690 938 2739 seu
971 2693 1276 2754 grangiarum
1316 2689 1580 2738 vestrarum
1618 2690 1781 2737 nullus
1817 2693 2032 2753 rapinam
2068 2690 2149 2739 seu
2188 2693 2369 2739 furtum

427 2787 619 2832 faceres
641 2786 803 2846 ignem
839 2799 1077 2845 apponere
1113 2781 1392 2845 sanguinem
1427 2782 1627 2828 fundere
1662 2806 1673 2817 ·
1707 2782 1951 2829 hominem
1985 2789 2167 2830 temere
2202 2799 2368 2845 capere

426 2876 506 2924 vel
529 2876 798 2923 interficere
812 2873 896 2922 seu
919 2875 1198 2922 violentiam
1223 2875 1398 2922 audeat
1415 2888 1640 2920 exercere
1687 2872 1914 2920 Preterea
1933 2888 2098 2920 omnes
2121 2873 2366 2921 libertates

428 2974 479 3016 et
502 2968 834 3015 immunitates
868 2982 897 3012 a
929 2963 1331 3027 predecessoribus
1358 2962 1530 3011 nostris
1566 2963 1796 3010 Romanis
1832 2963 2146 3010 Pontificibus
2170 2961 2366 3011 ecclefie

427 3057 582 3107 vestre
601 3054 836 3105 conceffas
859 3072 1047 3103 necnon
1070 3056 1318 3104 libertates
1337 3061 1387 3103 et
1411 3055 1741 3116 exemptiones
1764 3051 2044 3100 secularium
2065 3055 2367 3101 exaffionum

427 3168 457 3200 a
479 3150 695 3213 Regibus
729 3154 780 3195 et
813 3148 1106 3210 principibus
1134 3153 1185 3195 et
1213 3147 1317 3194 aliis
1352 3145 1573 3192 fidelibus
1606 3143 1954 3191 rationabiliter
1987 3144 2120 3191 vobis
2153 3145 2363 3192 indultas

426 3242 716 3291 au&oritate
751 3237 1008 3301 apostolica
1041 3237 1375 3285 confirmamus
1410 3242 1460 3284 et
1494 3233 1727 3297 presentis
1761 3232 1922 3296 scripti
1956 3234 2204 3298 privilegio
2239 3252 2366 3283 com-

428 3334 673 3382 munimus
708 3331 1026 3378 Decernimus
1051 3344 1163 3391 ergo
1197 3335 1254 3376 ut
1287 3328 1410 3375 nulli
1443 3327 1638 3374 omnino
1671 3326 1922 3373 hominum
1956 3325 2100 3374 liceat
2132 3327 2365 3389 prefatam
