2982 4016
632 536 692 583 86
1306 526 1513 575 LIBER
1550 522 1878 571 ECCLESIE
2318 536 2418 571 sssc.
2446 535 2561 569 xm.

637 755 780 803 Bulla
801 755 1017 818 Gregorii
1044 753 1172 814 Pape
1196 750 1381 797 decimi.

521 941 612 985 120
634 920 910 1000 Gregorius
935 931 1191 996 Episcopus
1224 928 1386 978 seruus
1409 926 1654 976 seruorum
1688 928 1765 975 dei
1792 925 2040 976 Cariffimo
2074 929 2126 975 in
2160 926 2350 976 Christo
2373 928 2472 975 filio
2507 929 2564 975 il-

515 2834 597 2877 121

635 1026 767 1076 lustri
791 1027 912 1089 Regi
947 1024 1113 1072 Scocie
1136 1021 1354 1069 Salutem
1378 1026 1428 1067 et
1451 1017 1757 1081 apostolicam
1780 1020 2164 1067 benedifflonem
2245 1019 2441 1076 Quanto
2464 1035 2564 1068 mae

626 1120 782 1180 j0rem
815 1117 902 1164 tibi
937 1116 1156 1162 dominus
1189 1112 1397 1160 contulit
1430 1109 1719 1174 potestatem
1759 1116 1897 1158 tanto
1931 1108 2018 1158 sub
2050 1111 2241 1173 potenti
2274 1126 2422 1159 manu
2461 1111 2564 1172 ejus

633 1207 933 1256 humiliorem
968 1212 1020 1253 te
1053 1205 1279 1252 convenit
1313 1202 1542 1251 exhibere
1576 1202 1833 1265 diligenter
1866 1218 1921 1250 ac
1945 1200 2147 1250 sollicite
2180 1203 2478 1265 precavendo
2501 1218 2564 1251 ne

634 1299 787 1362 Regni
822 1298 893 1345 tui
928 1293 1145 1344 ecclesias
1179 1300 1230 1342 et
1263 1290 1600 1342 ecclefiasticas
1634 1291 1856 1355 personas
1891 1292 1990 1356 ipse
2022 1309 2192 1357 graves
2227 1295 2278 1342 in
2301 1294 2462 1357 aliquo
2486 1295 2563 1343 vel

632 1390 815 1453 gravari
855 1387 915 1435 ab
955 1387 1058 1435 aliis
1096 1386 1291 1449 patiaris
1376 1383 1501 1433 Sane
1540 1385 1600 1431 ad
1640 1383 1849 1434 nostram
1888 1386 2078 1433 noveris
2123 1386 2418 1434 audientiam
2459 1400 2564 1448 per-

633 1479 806 1528 veniss'e
829 1479 954 1540 quod
976 1484 1031 1525 tu
1066 1478 1124 1525 ad
1159 1474 1472 1524 ecclesiastica
1499 1475 1611 1536 jura
1645 1474 1772 1535 quod
1806 1480 1858 1521 te
1891 1489 1988 1521 non
2024 1474 2165 1522 decet
2192 1474 2370 1538 Regias
2392 1490 2564 1523 manus

633 1571 896 1620 extendens
928 1571 1051 1616 viros
1085 1566 1421 1616 ecclesiasticos
1454 1567 1662 1630 gaudere
1696 1565 1921 1613 libertate
1961 1567 2126 1614 debita
2157 1582 2255 1613 non
2288 1567 2530 1629 permittis
2552 1592 2563 1603 ·

632 1661 752 1725 ipsos
782 1660 919 1723 super
952 1661 1091 1707 terris
1123 1657 1475 1722 pofl'effionibus
1510 1664 1561 1707 et
1594 1658 1701 1706 aliis
1734 1659 1787 1705 in
1819 1673 1989 1720 puram
2022 1655 2330 1706 elemofinam
2365 1656 2563 1707 ecclefie

631 1750 789 1800 christi
820 1751 1006 1798 collatis
1047 1778 1057 1788 ·
1098 1766 1285 1798 necnon
1324 1749 1463 1813 super
1495 1746 1646 1798 caufis
1681 1747 1891 1810 dotalicij
1925 1753 1976 1795 et
2016 1744 2323 1795 ecclefiarum
2363 1748 2563 1796 advoca-

629 1842 836 1890 tionibus
858 1839 1139 1904 respondere
1162 1843 1212 1887 in
1235 1839 1432 1889 seculari
1460 1842 1644 1903 judicio
1678 1845 1846 1887 contra
1870 1838 2136 1887 sanffiones
2158 1841 2411 1888 canonicas
2434 1855 2563 1888 com-

628 1933 850 1995 pellendo
881 1959 893 1971 ·
927 1938 984 1979 ut
1018 1933 1165 1995 igitur
1193 1930 1482 1980 conscientie
1516 1938 1567 1980 et
1597 1933 1726 1979 fame
1749 1937 1834 1978 tue
1856 1928 2110 1978 salubriter
2142 1928 2359 1978 consulas
2390 1928 2565 1978 sereni-

627 2030 778 2072 tatem
814 2024 1015 2087 Regiam
1049 2024 1291 2087 Rogamus
1326 2039 1576 2072 monemus
1612 2029 1663 2070 et
1695 2023 1945 2069 hortamur
1967 2027 2158 2070 attente
2181 2022 2408 2083 quatinus
2431 2019 2468 2068 fi
2491 2020 2563 2069 est

627 2116 696 2162 ita
717 2130 965 2163 removens
987 2130 1016 2163 a
1037 2121 1087 2162 te
1112 2131 1204 2176 que
1237 2113 1347 2162 sunt
1381 2111 1758 2178 reprehensionis
1791 2119 1908 2161 note
1931 2111 2144 2175 subjefl’a
2165 2111 2306 2175 super
2327 2110 2561 2175 premiffis

631 2207 690 2253 de
707 2212 867 2254 cetero
890 2207 950 2253 ab
973 2203 1274 2254 ecclefiarum
1298 2213 1348 2254 et
1372 2207 1653 2254 clericorum
1670 2206 1856 2269 injuriis
1879 2203 2118 2253 abstineas
2139 2211 2417 2252 reverenter
2483 2203 2562 2251 Ita

632 2297 757 2358 quod
797 2297 975 2345 abolita
1013 2295 1189 2345 offensa
1220 2300 1450 2360 preterita
1483 2299 1611 2346 diem
1650 2298 1804 2362 gratie
1838 2302 1895 2344 tu
1929 2301 2096 2359 captes
2126 2301 2178 2343 et
2218 2311 2306 2343 nos
2344 2294 2562 2343 mansue-

631 2388 846 2435 tudinem
870 2395 1001 2436 tuam
1025 2389 1280 2437 debeamus
1303 2391 1353 2436 in
1378 2390 1572 2436 domino
1596 2387 1933 2437 commendare
2002 2385 2186 2433 Datum
2212 2383 2394 2434 Perufii
2416 2402 2449 2433 x
2473 2385 2526 2432 kl
2550 2411 2561 2422 ·

632 2477 845 2525 Januarii
869 2479 1171 2540 pontificatus
1193 2477 1337 2527 nostri
1361 2496 1486 2528 anno
1509 2479 1731 2528 secundo.

630 2657 775 2706 Bulla
798 2658 999 2706 Honorii
1024 2659 1154 2722 Pape
1178 2660 1264 2708 &c
1288 2661 1455 2709 illicite
1479 2662 1689 2710 alienata
1710 2666 2008 2709 revocentur.

632 2824 900 2888 Honorias
923 2839 1183 2903 Episcopus
1216 2840 1375 2890 servus
1407 2841 1648 2891 servorum
1671 2844 1750 2891 dei
1773 2843 1948 2891 dilecto
1971 2843 2070 2890 filio
2101 2843 2263 2891 abbati
2286 2840 2557 2904 monasterij

628 2930 784 2979 sanae
806 2932 957 2978 crucis
980 2932 1040 2979 de
1062 2932 1338 2982 Edinburch
1372 2934 1535 2982 Sanffi
1558 2935 1757 2983 Andree
1789 2931 2000 2998 dyocefis
2055 2934 2277 2982 Salutem
2301 2940 2352 2982 et
2374 2931 2560 2996 aposto-

629 3021 768 3068 licam
790 3021 1167 3070 benediffionem
1234 3023 1315 3070 Ad
1338 3026 1629 3074 audientiam
1653 3023 1863 3073 nostram
1885 3027 2104 3088 pervenit
2122 3025 2250 3087 quod
2272 3031 2373 3073 tam
2397 3024 2558 3072 dileffl

631 3111 714 3172 filij
746 3110 910 3158 Abbas
938 3119 987 3159 et
1017 3119 1281 3161 conventus
1314 3113 1583 3178 monasterij
1609 3118 1669 3164 de
1699 3116 1857 3164 Scona
1887 3117 2066 3164 ordinis
2101 3116 2266 3164 Sam‘iai
2299 3113 2559 3179 Augustini

634 3199 795 3247 Sanffl
819 3200 1012 3249 Andree
1035 3201 1244 3265 dyocesis
1267 3220 1410 3266 quam
1432 3205 1775 3268 predecessores
1798 3223 1964 3256 eorum
1983 3209 2191 3256 decimas
2221 3207 2387 3270 domos
2409 3212 2560 3253 terras

635 3285 928 3350 poss'effiones
945 3296 1081 3352 prata
1101 3293 1273 3355 pascua
1294 3310 1490 3345 nemora
1506 3298 1780 3347 molendina
1794 3299 1907 3361 jura
1919 3297 2270 3361 jurisdiffiones
2288 3303 2338 3344 et
2356 3297 2560 3358 quedam
