3002 4030
496 1536 596 1583 196.

653 511 742 553 158
1328 505 1534 552 LIBER
1570 505 1895 552 ECCLESIE
2340 521 2438 554 sne.
2460 521 2566 554 xw.

645 644 749 683 tum
774 633 1068 684 decrevimus
1102 643 1153 683 et
1187 638 1329 683 inane
1351 633 1387 681 fi
1411 633 1544 682 secus
1566 634 1705 696 super
1726 635 1817 682 hiis
1851 652 1880 682 a
1902 650 2138 696 quoquam
2172 638 2336 697 quavis
2370 640 2569 685 au&ori-

645 735 747 774 tate
780 727 983 775 scienter
1017 726 1092 773 vel
1128 728 1402 789 ignoranter
1435 726 1690 787 contigerit
1728 726 2006 786 attemptari
2049 725 2187 772 Nulli
2228 742 2339 789 ergo
2373 729 2568 795 omnino

645 818 888 863 hominum
913 818 1054 864 liceat
1076 818 1198 863 hanc
1221 818 1442 878 paginam
1472 812 1629 861 nostre
1652 811 1960 862 concessionis
1983 812 2149 862 statuti
2183 816 2493 863 ordinationis
2516 826 2566 863 et

643 905 994 953 constitutionis
1027 906 1284 967 infringere
1309 905 1385 952 vel
1420 906 1463 951 ei
1499 904 1614 952 ausu
1649 905 1901 951 temerario
1926 905 2162 951 contraire
2195 903 2249 951 Si
2272 906 2377 965 quis
2404 911 2566 952 autem

643 998 731 1043 hoc
754 1002 1043 1056 attemptare
1076 994 1409 1056 presumpserit
1443 995 1819 1056 indignationem
1854 984 2197 1055 omnipotentis
2231 994 2308 1041 dei
2332 1001 2383 1041 et
2406 996 2568 1042 beato-

641 1101 742 1132 rum
770 1090 892 1146 petri
917 1091 966 1131 et
990 1085 1117 1146 pauli
1152 1083 1468 1145 apostolorum
1505 1085 1607 1144 ejus
1630 1082 1678 1130 se
1701 1085 1887 1130 noverit
1911 1057 2207 1131 incursui-nm
2243 1083 2424 1132 Datum
2449 1083 2568 1131 Avi-

640 1175 754 1222 nio'r‘i
777 1177 873 1236 xvij
899 1174 1074 1222 kalend
1099 1202 1109 1212 ·
1136 1175 1338 1221 octobris
1362 1175 1669 1235 pontificatus
1692 1171 1837 1220 nostri
1862 1173 2009 1220 Anno
2031 1175 2183 1235 primo
2210 1201 2220 1211 ·

641 1355 828 1402 Littera
848 1356 1169 1416 procuratoria
1192 1354 1388 1417 Hugoni
1413 1355 1747 1401 Concanonico
1771 1380 1781 1390 ·

645 1520 905 1584 Univerfis
943 1535 1116 1582 San&e
1152 1536 1317 1582 matris
1351 1531 1545 1581 ecclesie
1581 1535 1690 1581 filiis
1727 1535 1787 1581 ad
1825 1549 1942 1595 quos
1975 1531 2218 1595 presentes
2254 1534 2416 1581 littere
2460 1550 2565 1595 per-

638 1627 856 1673 venerint
880 1625 1118 1671 Henricus
1140 1623 1440 1671 miseratione
1464 1625 1624 1671 divina
1657 1624 1823 1671 Abbas
1857 1625 1918 1671 de
1952 1623 2110 1671 Scona
2144 1630 2194 1671 et
2228 1623 2436 1685 ejusdem
2471 1625 2562 1671 loci

637 1723 901 1763 conventus
946 1722 1160 1762 eternam
1207 1715 1259 1759 in
1299 1714 1493 1760 domino
1528 1714 1747 1762 Salutem
1795 1742 1806 1753 ·
1854 1714 1914 1760 In
1948 1715 2170 1762 omnibus
2203 1711 2354 1762 caufis
2388 1730 2473 1761 nos
2512 1722 2562 1761 et

635 1803 973 1852 monasterium
999 1803 1213 1875 nostrum
1247 1804 1657 1866 qualitercumque
1691 1805 2001 1867 tangentibus
2034 1806 2178 1852 motis
2200 1803 2281 1852 seu
2316 1807 2562 1852 movendis

635 1912 720 1957 pro
743 1897 878 1943 nobis
901 1894 983 1942 seu
1006 1900 1173 1942 eontra
1193 1910 1280 1941 nos
1294 1908 1310 1942 s
1326 1902 1492 1942 contra
1515 1894 1837 1956 quoscumque
1862 1895 1938 1942 vel
1955 1911 1984 1942 a
2001 1894 2387 1956 quibuscunque!
2405 1911 2563 1942 coram

634 1986 1006 2047 quibuscumque
1029 1986 1060 2032 J
1064 1985 1281 2032 udicibus
1305 1987 1550 2032 ordinariis
1575 1985 1807 2047 delegatis
1842 1985 2163 2047 subdelegatis
2187 1983 2458 2032 comissariis
2480 1983 2559 2032 seu

634 2077 822 2123 arbitris
866 2075 1222 2137 quibuscunque
1263 2076 1430 2122 diebus
1470 2083 1520 2122 et
1558 2076 1673 2122 locis
1708 2101 1718 2111 ·
1759 2075 2020 2137 Hugonem
2053 2077 2426 2122 concanonicum
2461 2074 2563 2122 nos-

634 2174 762 2213 trum
803 2168 1122 2214 exhibitorem
1161 2164 1455 2227 presentium
1493 2175 1848 2227 procuratorem
1886 2164 2098 2212 nostrum
2133 2166 2332 2213 facimus
2366 2173 2417 2212 et
2450 2182 2562 2212 con-

634 2255 872 2304 stituimus
895 2273 979 2318 per
1001 2255 1242 2318 presentes
1259 2281 1270 2292 ·
1289 2256 1458 2303 dantes
1476 2257 1631 2303 eidem
1650 2255 1940 2317 potestatem
1958 2264 2009 2303 et
2025 2254 2228 2317 speciale
2250 2256 2531 2302 mandatum
2548 2281 2558 2291 ·

635 2349 804 2410 agendi
844 2364 928 2409 pro
964 2349 1101 2394 nobis
1140 2345 1316 2407 nosque
1348 2347 1635 2393 defendendi
1670 2346 1956 2408 expediendi
1989 2346 2250 2408 replicandi
2285 2374 2296 2383 ·
2333 2344 2477 2393 testes
2508 2353 2560 2393 et

625 2440 899 2499 juramenta
921 2438 1211 2500 producendi
1235 2443 1286 2483 et
1308 2437 1569 2498 replicandi
1591 2462 1603 2474 ·
1626 2437 1762 2485 litem
1786 2435 2083 2485 contestandi
2106 2438 2156 2483 in
2173 2438 2354 2484 animas
2377 2435 2557 2484 nostras

626 2531 818 2589 jurandi
841 2555 852 2566 ·
875 2530 935 2576 de
958 2529 1229 2590 calumpnia
1256 2534 1307 2575 et
1330 2528 1535 2574 veritate
1558 2528 1746 2575 dicendi
1769 2553 1780 2564 ·
1805 2525 2034 2590 expensas
2067 2527 2263 2588 petendi
2287 2528 2481 2588 jurandi
2505 2535 2555 2574 et

634 2621 890 2681 recipiendi
914 2620 1062 2667 alium
1095 2624 1451 2679 procuratorem
1479 2617 1585 2665 loco
1607 2617 1678 2664 sui
1701 2616 2015 2665 substituendi
2050 2618 2272 2678 quotiens
2295 2615 2380 2664 fibi
2406 2616 2555 2663 visum

633 2711 776 2757 fuerit
800 2709 1084 2770 expediendi
1108 2714 1159 2754 et
1192 2709 1354 2755 omnia
1374 2707 1468 2755 alia
1484 2713 1534 2754 et
1557 2704 1742 2770 singula
1763 2708 1968 2755 faciendi
2000 2709 2051 2754 in
2085 2705 2314 2769 premiffis
2349 2714 2398 2753 et
2434 2709 2558 2754 circa

632 2797 846 2860 premissa
862 2815 956 2860 que
974 2813 1113 2846 verus
1130 2804 1181 2846 et
1198 2797 1443 2860 legitimus
1459 2805 1735 2859 procurator
1751 2799 1906 2845 facere
1923 2796 2080 2859 potest.
2097 2804 2148 2845 et
2165 2798 2442 2869 mandatum
2457 2797 2558 2860 spe-

632 2890 750 2937 ciale
773 2891 1021 2951 requirunt
1054 2888 1235 2935 Ratum
1271 2895 1321 2935 et
1350 2888 1541 2935 firmum
1575 2889 1808 2935 habentes
1842 2894 1892 2935 et
1926 2889 2134 2935 habituri
2158 2889 2382 2949 quicquid
2406 2889 2558 2935 diffluis

631 2987 907 3042 procurator
927 2978 1087 3027 noster
1104 2978 1182 3026 vel
1199 2980 1260 3026 ab
1283 2994 1341 3026 eo
1358 2977 1640 3026 substitutus
1663 2980 1856 3025 nomine
1874 2976 2034 3025 nostro
2051 2980 2101 3025 in
2120 2975 2349 3040 premiffis
2366 2980 2558 3025 duxerit

631 3071 900 3118 faciendum
942 3071 1279 3132 permittentes
1315 3068 1508 3131 insuper
1541 3075 1598 3116 ut
1631 3070 1870 3130 predi&us
1904 3068 2051 3132 Hugo
2085 3070 2278 3116 nomine
2312 3066 2469 3115 nostro
2502 3076 2558 3115 ut

631 3167 906 3223 procurator
938 3177 1022 3223 pro
1046 3160 1183 3207 nobis
1217 3166 1269 3207 et
1301 3158 1586 3207 monasterio
1609 3157 1768 3205 nostro
1791 3161 1879 3207 hac
1906 3157 2099 3208 instanti
2124 3160 2201 3206 die
2222 3159 2388 3207 martis
2410 3158 2558 3220 Apud

631 3251 840 3299 san&um
866 3251 1108 3299 Andream
1133 3266 1244 3298 cum
1267 3252 1438 3298 ceterIs
1462 3251 1523 3297 de
1558 3250 1686 3298 clero
1719 3247 1865 3297 sanai
1888 3249 2085 3297 Andree
2115 3247 2254 3311 poffit
2287 3264 2559 3311 comparere
