2982 4016
554 2770 607 2812 81

646 540 705 582 50
1320 525 1527 575 LIBER
1561 486 1891 572 ECCLESIE
2327 537 2428 571 sno.
2456 536 2572 571 xm.

644 666 817 714 habere
850 669 1076 727 poterunt
1111 664 1159 709 in
1193 668 1318 707 terra
1340 658 1572 705 Johannis
1596 654 1845 716 Sparcund
1880 669 1975 715 que
2009 651 2228 702 similiter
2262 657 2474 716 pertinet
2511 656 2571 703 ad

646 754 1035 804 constabulariam
1103 751 1418 800 concedimus
1449 749 1592 811 igiter
1622 746 1796 793 dietam
1833 752 2012 793 terram
2035 751 2086 793 et
2111 747 2307 794 domum
2333 748 2571 810 lapideam

646 855 696 896 et
717 848 967 910 gardinum
984 844 1194 906 superius
1217 841 1516 888 nominatum
1540 838 1762 900 predictis
1779 838 1944 885 abbati
1962 843 2012 885 et
2030 839 2271 886 canonicis
2286 841 2500 887 tenenda
2523 846 2573 887 et

645 939 862 987 habenda
883 935 966 983 sibi
989 943 1038 982 et
1060 931 1391 981 successoribus
1415 929 1508 978 suis
1532 931 1592 977 de
1616 929 1753 976 nobis
1776 935 1827 976 et
1849 929 2105 976 heredibus
2135 926 2307 977 nostris
2329 931 2380 977 in
2403 946 2574 993 perpe-

646 1040 782 1078 tuum
807 1030 953 1075 libere
975 1026 1233 1074 honorifice
1255 1023 1468 1085 plenarie
1492 1029 1543 1069 et
1566 1022 1730 1083 quiete
1783 1020 2051 1068 Reddendo
2070 1021 2183 1068 inde
2206 1021 2344 1069 nobis
2367 1028 2418 1070 et
2439 1023 2576 1070 here-

645 1122 781 1168 dibus
816 1118 982 1166 nostris
1015 1117 1263 1165 annuatim
1299 1116 1464 1162 decem
1499 1112 1672 1160 solidos
1695 1113 1882 1175 argenti
1905 1110 2087 1160 scilicet
2110 1127 2141 1158 v
2163 1110 2338 1160 solidos
2363 1114 2423 1161 ad
2450 1113 2576 1161 Pen-

644 1209 844 1259 tecostes
866 1216 916 1256 et
940 1224 969 1254 v
991 1208 1162 1255 solidos
1185 1208 1245 1255 ad
1269 1204 1442 1254 festum
1466 1204 1612 1253 sancti
1647 1205 1841 1251 martini
1865 1205 1915 1251 in
1939 1205 2082 1269 yeme
2104 1220 2191 1267 pro
2223 1206 2354 1252 omni
2380 1203 2575 1253 servitio

644 1301 983 1350 consuetudine
1005 1313 1056 1348 et
1080 1299 1314 1347 demanda
1378 1297 1523 1346 Saluo
1558 1296 1696 1343 nobis
1719 1302 1770 1342 et
1794 1296 2050 1343 heredibus
2086 1295 2259 1344 nostris
2294 1303 2347 1345 et
2379 1297 2572 1346 ballivis

643 1391 809 1442 nostris
837 1400 887 1440 et
914 1393 1144 1440 heredum
1178 1388 1443 1438 nostrorum
1477 1386 1724 1451 hostilagio
1755 1389 2051 1450 competenti
2088 1389 2139 1435 in
2174 1390 2388 1450 predi&a
2428 1390 2573 1437 domo

643 1485 829 1547 lapidea
850 1490 900 1531 et
922 1485 971 1531 in
989 1484 1207 1530 omnibus
1231 1483 1334 1530 aliis
1354 1482 1571 1529 domibus
1593 1479 1876 1527 habebimus
1893 1478 2227 1529 aifiamentum
2245 1478 2460 1529 nostrum
2479 1497 2575 1544 que

644 1578 810 1624 domus
833 1582 972 1623 erunt
996 1577 1045 1622 in
1069 1575 1277 1637 predicta
1301 1581 1427 1621 terra
1450 1589 1515 1635 νᾳ).
1540 1573 1663 1619 infra
1685 1572 1866 1619 curiam
1889 1572 2016 1621 dicte
2040 1573 2209 1620 domus
2243 1588 2354 1620 cum
2383 1589 2472 1621 nos
2497 1574 2575 1622 vel

643 1668 837 1715 heredes
860 1664 1004 1713 nostri
1030 1666 1104 1713 vel
1127 1666 1290 1712 ballivi
1314 1663 1459 1711 nostri
1479 1664 1555 1712 vel
1577 1664 1809 1711 heredum
1831 1662 2100 1712 nostrorum
2122 1666 2173 1712 in
2195 1666 2408 1728 predi&a
2431 1667 2574 1713 domo

643 1760 827 1820 lapidea
850 1760 1024 1805 erimus
1057 1756 1279 1819 hospitati
1304 1763 1355 1804 et
1377 1755 1508 1804 salua
1541 1757 1677 1804 nobis
1701 1761 1751 1803 et
1774 1756 2030 1804 heredibus
2052 1756 2224 1804 nostris
2259 1759 2394 1805 curia
2415 1755 2575 1806 nostra

642 1852 690 1896 in
714 1851 879 1896 eadem
904 1855 1029 1896 terra
1051 1849 1260 1895 tenenda
1283 1853 1334 1895 et
1357 1847 1498 1895 saluis
1521 1847 1709 1910 placitis
1733 1854 1784 1895 et
1806 1847 2140 1897 misericordiis
2158 1855 2209 1897 et
2226 1847 2262 1897 fi
2281 1864 2375 1911 que
2393 1851 2575 1898 fuerint

641 1941 822 1989 escaete
845 1942 1041 2002 predicti
1066 1956 1177 1988 vero
1201 1942 1415 1988 canonici
1439 1941 1700 2003 predi&am
1720 1940 1915 1986 domum
1939 1940 2177 2003 lapideam
2195 1947 2246 1990 et
2264 1941 2380 1989 alias
2405 1943 2574 1989 domus

641 2036 690 2080 in
730 2034 944 2095 predi&a
979 2039 1105 2079 terra
1143 2033 1398 2080 honorifice
1434 2030 1735 2079 sustinebunt
1804 2031 1858 2079 Si
1882 2047 1996 2080 vero
2026 2033 2199 2095 aliquis
2238 2033 2466 2081 clamium
2497 2034 2574 2082 vel

642 2124 960 2185 calumpniam
998 2125 1048 2170 in
1083 2125 1206 2171 di&a
1240 2131 1366 2171 terra
1388 2124 1594 2172 voluerit
1627 2138 1821 2172 movere
1851 2122 1979 2172 salvo
2016 2124 2268 2174 cuiussibet
2303 2128 2407 2174 iure
2437 2127 2576 2176 causa

643 2217 769 2262 inter
790 2214 1035 2278 litigantes
1059 2221 1189 2262 mota
1210 2231 1295 2276 per
1314 2218 1491 2263 rectam
1508 2217 1664 2279 legem
1684 2221 1734 2263 et
1753 2213 1934 2264 aflisam
1953 2222 2081 2265 terre
2099 2219 2149 2264 in
2169 2219 2349 2267 curiam
2367 2216 2574 2267 nostram

644 2306 789 2353 finem
813 2306 1028 2353 debitum
1050 2305 1273 2354 sortietur
1295 2307 1385 2354 hiis
1409 2306 1609 2355 testibus

648 2488 955 2536 Confirmatio
1000 2489 1260 2538 Alexandri
1310 2490 1456 2554 Regis
1508 2492 1778 2540 donationis
1825 2493 2002 2557 Rogeri
2053 2495 2113 2542 de
2159 2494 2335 2551 Quinc-i
2386 2498 2576 2544 comitis

654 2578 902 2627 Wintonie
924 2589 1002 2628 ‘tc‘

647 2744 946 2811 Alexander
970 2763 1062 2811 Dei
1084 2766 1236 2827 gratia
1259 2766 1366 2813 Rex
1390 2765 1667 2814 Scottorum
1691 2767 1913 2816 omnibus
1936 2768 2096 2831 probis
2130 2769 2403 2816 hominibus
2427 2771 2577 2818 totius

646 2863 770 2902 terre
793 2853 873 2901 sue
891 2853 1092 2902 salutem
1159 2855 1325 2904 Sciant
1347 2857 1586 2920 presentes
1609 2864 1660 2906 et
1683 2859 1834 2907 futuri
1857 2874 1944 2907 nos
1967 2857 2237 2908 conceffiss'e
2260 2866 2311 2908 et
2333 2861 2424 2910 hac
2447 2869 2577 2911 carta

647 2944 803 2994 nostra
825 2945 1115 2994 confirmasse
1138 2946 1482 2996 conceffionem
1505 2956 1556 2998 et
1578 2951 1990 2999 confirmationem
2023 2951 2159 3000 illam
2190 2967 2334 3014 quam
2358 2953 2578 3018 Rogerus

649 3037 707 3084 de
725 3037 926 3093 Queinci
944 3037 1116 3086 Comes
1131 3038 1385 3088 VVintonie
1408 3039 1785 3090 constabillarius
1807 3041 1969 3091 noster
1990 3044 2107 3092 fecit
2130 3043 2316 3092 Abbati
2335 3046 2396 3093 de
2420 3045 2578 3094 Scona

650 3135 699 3174 et
721 3130 955 3176 canonicis
972 3130 1148 3177 ibidem
1164 3130 1269 3179 Deo
1287 3132 1602 3181 servientibus
1621 3140 1671 3181 et
1687 3131 1932 3182 servituris
1955 3136 2005 3182 in
2022 3140 2311 3198 perpetuum
2331 3137 2392 3184 de
2409 3137 2577 3185 duabis

651 3219 788 3265 terris
812 3234 903 3279 que
926 3221 1117 3269 fuerunt
1141 3225 1378 3284 quondam
1395 3224 1636 3273 Willelmi
1659 3226 1720 3273 de
1744 3225 1852 3289 Lyn
1875 3228 1926 3274 in
1948 3227 2100 3291 burgo
2124 3227 2185 3274 de
2209 3226 2359 3274 Perth
2382 3229 2444 3275 ad
2466 3244 2578 3276 con-

650 3306 946 3358 stabulariam
970 3310 1132 3360 Scotie
1162 3316 1514 3375 pertinentibus
1552 3316 1669 3379 quas
1705 3323 1857 3367 terras
1879 3319 2034 3367 diaus
2058 3317 2342 3368 Willelmus
2365 3320 2434 3368 eis
2466 3336 2578 3368 con-
