3054 4042
499 2504 602 2546 154.

654 473 747 514 114
1325 463 1532 511 LIBER
1567 461 1894 510 ECCLESIE
2339 477 2439 511 sno.
2465 477 2572 510 xw.

649 599 869 645 omnibus
893 597 997 644 aliis
1020 604 1071 643 et
1093 594 1287 658 singulis
1311 592 1496 640 forestis
1519 599 1569 639 et
1593 593 1866 640 nemoribus
1888 589 2059 639 nostris
2081 607 2166 654 per
2187 599 2347 640 totum
2370 609 2570 657 regnum

650 686 862 735 nostrum
885 702 971 749 pro
994 685 1198 748 ipsorum
1223 682 1545 746 religiosorum
1581 689 1632 729 et
1665 684 1913 729 hominum
1947 681 2139 730 suorum
2173 685 2370 732 edificiis
2393 701 2448 732 ac
2471 701 2573 732 eor-

649 779 824 825 undem
847 776 1168 840 religiosorum
1188 782 1238 822 et
1260 776 1508 821 hominum
1531 772 1722 820 suorum
1756 773 2034 820 animalium
2069 771 2296 821 clausuris
2345 774 2424 821 Ita
2446 776 2572 835 quod

648 870 795 916 libere
830 874 928 915 tam
959 869 1007 914 in
1042 864 1151 928 ipsis
1185 862 1366 912 forestis
1400 862 1569 910 nostris
1604 869 1655 910 et
1684 864 1975 910 memoribus
2008 878 2106 910 non
2140 841 2398 911 nominatis
2429 880 2570 925 quam

647 959 857 1020 superius
879 958 1134 1004 nominatis
1155 956 1436 1002 meremium
1462 954 1655 1001 cindere
1677 954 1870 1001 valeant
1893 953 2170 1015 dietumque
2187 956 2470 1001 meremium
2488 970 2574 1017 per

647 1048 767 1110 ipsos
785 1046 1022 1110 religiosos
1040 1052 1124 1093 aut
1138 1046 1355 1092 homines
1373 1044 1479 1091 suos
1497 1042 1660 1090 ciffum
1676 1044 1753 1091 vel
1767 1044 2059 1091 cludendum
2074 1045 2301 1105 quociens
2315 1051 2366 1091 et
2384 1046 2572 1105 quando

646 1135 825 1185 necesse
842 1138 987 1184 fuerit
1004 1137 1239 1183 abducere
1257 1142 1307 1181 et
1325 1136 1502 1181 cariare
1518 1135 1709 1181 valeant
1727 1150 1812 1196 pro
1829 1133 1922 1181 suis
1939 1131 2100 1182 usibus
2118 1133 2394 1196 supradiffis
2413 1135 2573 1191 Quare

645 1229 864 1275 omnibus
898 1234 949 1274 et
983 1224 1178 1288 singulis
1212 1223 1465 1272 forestariis
1500 1226 1560 1272 de
1594 1225 1735 1286 clony
1768 1225 1917 1272 alicht
1951 1231 2002 1271 et
2036 1225 2114 1272 del
2149 1224 2251 1286 plat
2285 1240 2341 1272 ac
2373 1225 2573 1273 aliarum

645 1317 922 1366 forestarum
940 1315 1203 1364 nostrarum
1224 1322 1274 1363 et
1291 1331 1541 1363 nemorum
1559 1330 1954 1376 quorumcunque
1977 1314 2188 1363 distriste
2211 1317 2499 1377 precipimus
2523 1323 2573 1363 et

643 1411 922 1457 mandamus
957 1425 1018 1455 ne
1052 1408 1259 1469 prefatos
1291 1406 1530 1469 religiosos
1561 1407 1777 1452 homines
1800 1404 1907 1453 suos
1939 1406 2016 1453 vel
2051 1404 2308 1454 servientes
2343 1405 2575 1468 quoscun-

644 1517 736 1561 que
759 1501 1041 1547 meremium
1075 1501 1124 1545 in
1150 1499 1286 1544 dietis
1315 1495 1499 1544 forestis
1523 1494 1692 1543 nostris
1727 1494 1811 1543 aut
1845 1498 2119 1544 nemoribus
2152 1498 2389 1544 cindendo
2412 1498 2490 1545 vel
2513 1499 2573 1546 ab

644 1593 753 1638 inde
786 1592 1011 1652 quociens
1046 1587 1228 1636 necesse
1261 1589 1406 1635 fuerit
1442 1588 1663 1635 cariando
1698 1594 1749 1634 et
1783 1588 2064 1636 abducendo
2091 1604 2288 1651 gravare
2322 1587 2573 1637 molestare

644 1683 718 1729 vel
742 1681 1012 1743 aliqualiter
1035 1681 1267 1742 impedire
1290 1677 1566 1741 presumant
1593 1679 1670 1726 vel
1694 1694 1860 1726 eorum
1883 1678 2126 1741 presumat
2148 1680 2319 1741 aliquis
2342 1679 2428 1727 sub
2450 1696 2575 1742 pena

642 1789 733 1832 que
757 1773 988 1833 competit
1011 1773 1061 1817 in
1085 1772 1174 1818 hac
1197 1776 1333 1832 parte
1386 1770 1445 1816 In
1481 1772 1616 1818 cuius
1638 1772 1709 1817 rei
1742 1768 2069 1818 testimonium
2093 1769 2393 1833 presentibus
2426 1787 2573 1833 penes

639 1863 847 1924 prefatos
883 1861 1147 1924 Religiosos
1191 1862 1242 1907 in
1286 1866 1574 1923 perpetuum
1620 1862 1859 1908 duraturis
1894 1860 2118 1924 Sigillum
2158 1860 2372 1908 nostrum
2412 1877 2575 1923 prece-

642 1955 795 2014 pimus
818 1954 991 2014 apponi
1016 1952 1163 2013 Apud
1198 1952 1337 2013 perth
1366 1953 1535 2012 quinto
1571 1952 1648 1999 die
1683 1951 1804 2014 Julij
1837 1951 1984 2000 Anno
2006 1953 2142 2015 regni
2166 1950 2311 2000 nostri
2335 1951 2572 2000 tricesimo

642 2059 807 2104 primo.

644 2226 791 2273 Carta
814 2226 960 2289 Regis
996 2225 1193 2272 Davidis
1225 2225 1284 2271 de
1312 2225 1589 2272 revocandis
1621 2221 1923 2286 pensionibus
1957 2225 2008 2270 in
2031 2225 2377 2273 detrimentum
2401 2227 2574 2273 'mona-

643 2314 770 2363 sterii
795 2314 1019 2364 concessis
1036 2343 1046 2353 -
2528 2310 2532 2313 ⁵

646 2483 824 2548 David
850 2498 942 2545 Dei
967 2497 1136 2546 Gratia
1158 2513 1242 2543 rex
1267 2496 1546 2544 Scottorum
1570 2497 1852 2545 Venerabili
1875 2499 1926 2544 in
1946 2494 2134 2544 Christo
2157 2498 2282 2559 patri
2305 2497 2489 2545 Abbati
2512 2498 2572 2544 de

644 2590 800 2638 Scona
823 2595 871 2636 et
901 2587 1110 2650 ejusdem
1146 2588 1238 2636 loci
1270 2590 1531 2635 conuentui
1565 2587 1769 2635 salutem
1838 2587 2159 2650 Concepimus
2182 2594 2347 2635 autem
2370 2604 2432 2635 ex
2454 2589 2573 2636 rela-

643 2683 774 2728 tione
809 2681 1156 2742 fidedignorum
1180 2680 1306 2740 quod
1331 2680 1536 2740 quedam
1571 2695 1731 2727 annue
1763 2676 2012 2742 pensiones
2045 2680 2496 2742 perhendinationes
2518 2697 2573 2728 ac

642 2773 734 2820 alie
757 2770 1068 2834 prestationes
1090 2786 1176 2832 per
1205 2768 1548 2832 predecessores
1572 2767 1750 2818 vestros
1783 2771 1896 2818 date
1926 2769 2037 2818 sunt
2059 2777 2111 2818 et
2145 2769 2358 2818 concesse
2381 2770 2573 2819 diversis

641 2862 848 2925 personis
870 2864 920 2909 in
943 2877 1172 2925 magnum
1209 2877 1264 2909 ac
1303 2877 1447 2924 grave
1478 2863 1823 2909 detrimentum
1857 2860 2127 2924 monasterij
2153 2859 2294 2909 vestri
2345 2862 2424 2910 Ita
2447 2864 2573 2924 quod

648 2955 859 3001 redditus
883 2954 996 2999 dicti
1012 2950 1283 3014 monasterij
1309 2951 1451 2999 vestri
1474 2953 1535 3000 ad
1557 2951 1952 3000 sustentationem
1975 2950 2180 3000 vestram
2203 2959 2255 3000 et
2278 2953 2572 3001 edificiorum

642 3046 988 3107 reparationem
1002 3045 1063 3092 ad
1077 3060 1279 3106 quorum
1295 3059 1413 3106 opus
1430 3050 1482 3092 et
1498 3043 1635 3091 usum
1654 3060 1716 3092 ex
1730 3041 1987 3092 elemosina
2002 3041 2378 3106 predecessorum
2394 3043 2575 3092 nostro-

642 3151 747 3183 rum
769 3151 935 3198 regum
957 3134 1103 3183 scotie
1126 3137 1240 3183 date
1263 3136 1461 3182 fuerunt
1491 3140 1542 3182 et
1576 3133 1789 3183 concesse
1811 3132 2024 3183 sufficere
2046 3150 2143 3182 non
2166 3132 2340 3197 poffint
2361 3135 2454 3182 hiis
2477 3136 2575 3183 die-

641 3226 730 3274 bus
753 3226 880 3273 unde
902 3226 1192 3274 declaratum
1228 3224 1300 3273 est
1335 3232 1386 3274 et
1420 3227 1667 3274 decretum
1688 3241 1775 3288 per
1807 3223 2056 3274 consilium
2088 3223 2303 3273 nostrum
2335 3227 2386 3274 in
2409 3227 2579 3287 parlia-
