2982 4016
536 916 593 959 46

538 2286 596 2331 47

628 524 687 565 30
1303 512 1510 560 LIBER
1544 507 1871 558 ECCLESIE
2327 522 2427 556 sao.
2454 521 2546 555 xn.

626 739 771 786 Carta
795 737 1029 784 Willelmi
1054 736 1200 798 Regis
1225 733 1474 780 willelmo
1499 732 1742 781 Galeatori
1768 731 1995 778 confe&a.

627 905 917 967 VVillelmus
941 919 1015 965 dei
1050 918 1203 979 gratia
1231 915 1339 962 Rex
1364 914 1642 962 Scottorum
1665 915 1886 961 omnibus
1916 913 2076 975 probis
2109 912 2383 959 hominibus
2405 913 2555 960 totius

627 1020 751 1059 terre
774 1009 853 1057 sue
876 1009 1057 1056 clericis
1080 1013 1131 1053 et
1154 1006 1285 1053 laicis
1317 1004 1519 1052 salutem
1576 1004 1743 1052 Sciant
1765 1002 2008 1066 presentes
2030 1009 2082 1051 et
2106 1003 2254 1050 futuri
2278 1018 2357 1050 me
2380 1000 2555 1052 dedisse

627 1111 677 1148 et
700 1096 960 1148 conceffifl'e
984 1103 1034 1144 et
1057 1097 1145 1144 hac
1174 1102 1305 1143 carta
1337 1111 1446 1142 mea
1473 1092 1763 1142 confirmasse
1788 1094 2041 1142 Willelmo
2074 1093 2320 1143 Galeatori
2344 1093 2556 1155 platyam

626 1193 755 1238 illam
779 1192 838 1237 de
861 1205 927 1236 xx
952 1195 1001 1236 et
1025 1187 1106 1235 sex
1130 1188 1330 1249 pedibus
1364 1187 1414 1232 in
1450 1186 1752 1249 longitudine
1783 1193 1834 1234 et
1869 1187 1929 1233 de
1953 1186 2123 1249 viginti
2154 1185 2354 1247 pedibus
2377 1185 2426 1231 in
2450 1183 2559 1231 lati-

626 1283 790 1329 tudine
826 1283 876 1327 in
906 1282 1056 1342 burgo
1088 1295 1197 1326 meo
1234 1280 1294 1325 de
1329 1284 1436 1339 pert
1469 1293 1610 1339 quam
1651 1277 1868 1340 Rogerus
1899 1278 1960 1325 de
1992 1275 2265 1325 Mortemer
2296 1276 2560 1324 vicecomes

624 1387 759 1419 meus
782 1373 842 1419 de
864 1377 971 1433 pert
994 1372 1037 1418 ei
1062 1370 1258 1417 tradidit
1280 1384 1365 1431 per
1393 1375 1678 1431 preceptum
1708 1384 1873 1416 meum
1940 1368 2083 1416 Illam
2115 1367 2286 1415 scilicit
2310 1383 2403 1428 que
2433 1368 2558 1415 iacet

629 1467 754 1511 inter
794 1470 969 1510 terram
1004 1461 1155 1509 serlon
1188 1458 1395 1508 incisoris
1430 1466 1481 1506 et
1514 1466 1693 1507 terram
1726 1459 1897 1508 Jacobi
1935 1460 2117 1508 tinkler
2148 1457 2351 1507 Tenend
2385 1456 2471 1507 fibi
2507 1465 2559 1506 et

627 1555 879 1602 heredibus
902 1553 995 1600 suis
1019 1554 1078 1600 de
1102 1568 1180 1599 me
1203 1558 1254 1598 et
1287 1550 1541 1598 heredibus
1574 1552 1695 1598 meis
1719 1552 1770 1598 in
1792 1552 1938 1599 feudo
1962 1558 2013 1599 et
2034 1552 2304 1599 hereditate
2338 1550 2487 1599 libere
2511 1557 2561 1598 et

628 1648 788 1706 quiete
803 1644 1066 1692 Reddendo
1084 1643 1195 1690 inde
1210 1640 1404 1704 singulis
1422 1643 1560 1689 annis
1580 1642 1699 1689 duos
1717 1642 1925 1705 capellos
1944 1643 2055 1690 ferri
2069 1641 2289 1690 'restibus
2308 1642 2559 1690 Willelmo

627 1738 685 1783 de
699 1735 849 1783 Bosco
867 1734 1145 1783 cancellario
1162 1732 1413 1780 Willelmo
1428 1732 1606 1779 Cumin
1630 1734 1807 1781 comite
1830 1734 1891 1781 de
1914 1733 2116 1782 Buchan
2137 1731 2399 1796 justiciario
2424 1733 2561 1781 Scot-

626 1835 782 1873 torum
803 1826 1011 1889 Hugone
1035 1826 1094 1872 de
1113 1822 1265 1888 sigillo
1289 1824 1462 1871 clerico
1486 1838 1593 1870 meo
1613 1823 1803 1887 Rogero
1827 1825 1887 1871 de
1907 1824 2176 1872 Mortemer
2198 1826 2478 1874 vicecomite
2501 1826 2561 1871 de

628 1924 734 1978 pert
766 1917 971 1964 Ricardo
1008 1916 1170 1963 Kenel
1236 1915 1384 1977 Apud
1409 1914 1673 1964 Striueline
1697 1916 1777 1977 viij
1803 1917 1880 1963 die
1905 1916 2217 1979 Septembris.

627 2100 772 2147 Carta
796 2100 986 2146 Ricardi
1010 2096 1213 2160 episcopi
1238 2097 1401 2145 Sanffi
1424 2096 1624 2144 Andree
1650 2098 1711 2146 de
1734 2099 1921 2147 decima
1943 2096 2137 2160 piscarie
2162 2099 2222 2146 de
2246 2098 2416 2149 Scona.

628 2266 875 2329 Ricardus
898 2280 992 2328 Dei
1025 2282 1177 2343 gratia
1211 2280 1372 2328 Ecclie
1407 2279 1570 2329 811118ιί
1602 2281 1800 2329 Andree
1830 2282 2026 2330 humilis
2060 2281 2275 2330 minister
2324 2281 2564 2331 Omnibus

630 2373 737 2419 filiis
771 2370 927 2419 san&e
960 2373 1126 2419 matris
1156 2369 1351 2419 ecclefie
1382 2369 1585 2420 salutem
1642 2372 1809 2421 Sciant
1844 2379 2011 2421 omnes
2041 2379 2093 2421 et
2127 2373 2348 2423 absentes
2378 2380 2430 2422 et
2459 2391 2565 2437 pre-

630 2464 787 2511 sentes
810 2478 896 2510 nos
927 2460 1190 2510 conceffiffe
1225 2470 1275 2510 et
1299 2464 1349 2509 in
1384 2469 1666 2525 perpetuam
1701 2462 2007 2513 elemosinam
2036 2466 2304 2513 munimine
2335 2465 2566 2528 presentis

631 2553 789 2616 scripti
822 2551 1111 2601 confirmasse
1144 2550 1339 2601 ecclefie
1372 2552 1530 2602 sancte
1553 2556 1784 2603 trinitatis
1807 2556 1867 2603 de
1903 2555 2032 2604 Scon
2054 2562 2106 2605 et
2127 2558 2366 2606 canonicis
2387 2558 2566 2606 ibidem

632 2645 738 2692 Deo
762 2643 1077 2692 servientibus
1111 2644 1345 2691 decimam
1369 2645 1520 2692 totius
1550 2643 1748 2707 piscarie
1771 2647 1832 2694 de
1864 2646 2022 2695 Scona
2054 2648 2106 2694 in
2135 2663 2326 2697 annona
2348 2655 2398 2696 et
2422 2648 2566 2696 caseis

630 2738 679 2782 in
704 2734 1002 2797 captionibus
1034 2732 1232 2796 piscium
1257 2741 1306 2782 et
1329 2737 1379 2783 in
1403 2737 1624 2784 omnibus
1652 2738 1756 2785 aliis
1779 2739 1909 2787 unde
1932 2739 2118 2786 decima
2139 2739 2240 2786 dari
2265 2740 2411 2787 debet
2435 2740 2565 2796 Quo-

631 2828 755 2874 circa
771 2825 1076 2887 prohibemus
1094 2831 1144 2872 et
1159 2825 1426 2888 Episcopali
1444 2828 1729 2877 au&oritate
1746 2829 2074 2877 interdicimus
2091 2845 2153 2878 ne
2170 2830 2340 2893 aliquis
2356 2832 2567 2893 predicte

630 2922 812 2968 decime
836 2920 904 2966 eis
937 2925 1122 2981 partem
1153 2918 1331 2981 absque
1361 2919 1591 2968 consensu
1622 2926 1673 2967 et
1696 2920 1949 2968 voluntate
1984 2935 2151 2968 eorum
2181 2918 2354 2969 iniuste
2380 2923 2566 2971 auferre

632 3011 708 3059 vel
748 3011 962 3058 detinere
1001 3008 1241 3071 presumat
1275 3009 1495 3059 Testibus
1531 3011 1737 3059 Matheo
1767 3009 2126 3060 Archidiacono
2160 3011 2327 3060 Adam
2368 3013 2428 3060 de
2456 3013 2563 3061 Roc

635 3102 846 3148 Roberto
872 3101 1099 3148 canonico
1118 3099 1281 3148 Sanffi
1296 3101 1494 3149 Andree
1518 3099 1750 3165 Magistro
1768 3102 1994 3150 herberto
2013 3101 2294 3151 Alexandro
2317 3104 2563 3166 capellano

638 3191 890 3252 Radulpho
915 3192 974 3239 de
996 3188 1218 3240 boiliston
1242 3190 1474 3255 Magistro
1498 3191 1746 3240 Abraham
1769 3200 1865 3240 ”toi
