2982 4016
417 561 530 594 ΒΕΘ.
551 560 699 594 ALEX.
726 560 779 593 11.
961 547 1009 594 S.
1045 546 1442 595 TRINITATIS
1478 546 1570 594 DE
1607 547 1801 595 SCON.
2295 553 2353 600 69

414 676 753 726 monasterium
777 685 960 726 temere
994 681 1274 741 perturbare
1297 686 1381 727 aut
1405 681 1507 727 eius
1532 677 1830 741 possessiones
1854 681 2042 727 auferre
2067 680 2143 727 vel
2168 681 2352 729 ablatas

414 770 622 817 retinere
644 771 860 818 minuere
883 769 965 818 seu
991 770 1281 832 quibussibet
1304 772 1640 818 vexationibus
1665 771 1864 834 fatigare
1888 770 1959 818 set
1983 772 2144 818 omnia
2167 773 2354 835 integra

415 859 756 908 conserventur
790 878 955 908 eorum
979 878 1064 924 pro
1088 878 1290 923 quorum
1323 863 1671 925 gubernatione
1695 878 1750 909 ac
1773 860 2118 910 sustentatione
2142 863 2356 911 concessa

415 949 525 998 sunt
548 950 708 999 usibus
743 954 1028 999 omnimodis
1062 954 1312 1014 profutura
1380 953 1525 1000 Salva
1546 951 1669 1000 sedis
1703 952 1961 1015 apostolice
1990 956 2278 1003 au&oritate
2303 965 2353 1002 et

417 1043 666 1106 dyocesani
691 1043 895 1106 episcopi
916 1046 1143 1092 canonica
1157 1043 1345 1105 justitia
1393 1043 1446 1090 Si
1465 1060 1558 1105 qua
1573 1045 1722 1106 igitur
1739 1045 1789 1090 in
1807 1045 2025 1092 futurum
2041 1043 2356 1094 ecclesiastica

416 1134 697 1183 secularisue
720 1135 920 1197 persona
942 1137 1065 1183 hanc
1083 1133 1244 1181 nostre
1262 1133 1617 1182 constitutionis
1641 1136 1863 1198 paginam
1882 1135 2032 1184 sciens
2057 1143 2226 1185 contra
2248 1154 2356 1185 eam

417 1234 602 1274 temere
625 1228 788 1273 venire
823 1228 1135 1288 temptaverit
1157 1224 1364 1272 secundo
1389 1227 1597 1272 tertioue
1621 1227 1863 1273 comonita
1885 1225 1971 1273 nisi
1996 1234 2185 1275 reatum
2218 1228 2356 1276 suum

418 1334 628 1380 congrua
643 1316 955 1365 satisfafflone
973 1318 1234 1364 correxerit
1256 1315 1506 1378 potestatis
1529 1315 1814 1377 honorisque
1837 1316 1909 1364 sui
1933 1326 2093 1366 careat
2118 1321 2355 1382 dignitate

418 1425 644 1471 reamque
666 1408 714 1456 se
738 1411 899 1456 divino
915 1409 1099 1469 judicio
1123 1405 1328 1454 existere
1353 1408 1412 1454 de
1436 1413 1713 1469 perpetrata
1736 1409 1994 1469 iniquitate
2029 1411 2282 1473 cognoscat
2307 1420 2357 1459 et

419 1518 447 1547 a
482 1498 786 1548 sacratiffimo
827 1515 1023 1560 corpore
1059 1514 1115 1545 ac
1152 1496 1383 1559 sanguine
1426 1498 1504 1543 dei
1541 1504 1592 1544 et
1629 1498 1811 1544 domini
1856 1500 2173 1562 redemptoris
2213 1501 2359 1549 nostri

418 1589 598 1638 Jehesu
620 1589 794 1638 Christi
827 1591 984 1638 aliena
1005 1591 1089 1636 fiat
1117 1595 1263 1649 atque
1294 1589 1345 1635 in
1377 1593 1596 1635 extremo
1629 1591 1851 1636 examine
1888 1588 2096 1639 districte
2130 1591 2361 1654 subjaciat

419 1683 593 1730 ultioni
608 1682 804 1730 Cunfitis
820 1688 984 1730 autem
1000 1683 1157 1729 eidem
1175 1681 1282 1728 loco
1296 1678 1380 1727 sua
1393 1681 1506 1741 jura
1518 1678 1816 1727 servantibus
1830 1678 1888 1727 fit
1904 1698 1998 1743 pax
2018 1684 2199 1731 domini
2214 1684 2360 1732 nostri

419 1775 451 1821 J
455 1773 599 1822 ehesu
622 1772 797 1821 Christi
829 1775 1054 1835 quatinus
1078 1779 1128 1820 et
1151 1773 1231 1819 hic
1254 1772 1462 1818 frufitum
1486 1772 1612 1818 bone
1636 1773 1832 1819 aetionis
1867 1775 2134 1836 percipiant
2158 1782 2209 1822 et
2232 1779 2359 1838 apud

420 1864 683 1914 distri&um
705 1866 738 1913 J
741 1867 931 1913 udicem
954 1866 1137 1927 premia
1159 1869 1327 1911 eterne
1350 1865 1480 1925 pacis
1504 1864 1754 1911 inveniant
1821 1864 1985 1912 Amen
2008 1865 2172 1913 Amen
2196 1867 2358 1915 Amen

488 1958 592 2021 Ego
617 1958 863 2005 Honorius
887 1957 1122 2005 catholice
1147 1953 1347 2003 ecclesie
1367 1952 1643 2016 Episcopus.

487 2050 592 2113 Ego
617 2050 775 2098 Guala
797 2049 961 2097 Sanffi
986 2048 1192 2095 Martini
1215 2045 1448 2108 presbiter
1472 2046 1738 2093 Cardinalis
1760 2046 1924 2094 Titulo
1947 2050 2132 2111 equirij.

489 2142 593 2205 Ego
618 2142 894 2204 Stephanus
917 2138 1110 2188 basilice
1133 2140 1390 2186 duodecim
1414 2136 1735 2200 apostolorum
1758 2137 1991 2201 presbiter
2013 2141 2279 2188 cardinalis.

487 2234 592 2298 Ego
615 2235 823 2281 Thomas
846 2233 1009 2279 Titulo
1034 2231 1209 2279 Sancite
1235 2230 1414 2277 Sabine
1437 2228 1670 2292 presbiter
1693 2231 1959 2278 cardinalis.

488 2326 594 2389 Ego
618 2326 766 2388 Hugo
789 2321 1035 2371 hostienfis
1058 2328 1109 2370 et
1132 2320 1429 2368 velletrensis
1454 2320 1730 2383 Episcopus.

490 2418 594 2480 Ego
619 2417 867 2464 Conradus
890 2411 1157 2477 portuensis
1181 2418 1232 2460 et
1257 2412 1431 2459 Samiae
1456 2412 1649 2459 Ruffine
1673 2411 1949 2474 Episcopus.

489 2506 594 2569 Ego
619 2506 793 2567 Guydo
816 2501 1150 2566 prenestienfis
1174 2502 1450 2566 Episcopus.

491 2597 596 2661 Ego
621 2595 717 2645 Oct
741 2596 1027 2643 San8t0rum
1051 2595 1203 2658 Sergij
1230 2603 1281 2642 et
1305 2595 1485 2642 Bacchi
1510 2594 1758 2642 Diaconus
1782 2597 2049 2644 cardinalis.

493 2689 597 2752 Ego
622 2689 890 2750 Raynerius
915 2686 1091 2733 Sancte
1116 2686 1275 2733 Marie
1299 2687 1349 2732 in
1374 2685 1618 2733 Cosmidin
1642 2686 1888 2734 Diaconus
1912 2689 2178 2736 cardinalis.

491 2780 596 2842 Ego
621 2780 897 2841 Stephanus
921 2777 1085 2825 Sanffl
1108 2777 1313 2824 Adriani
1337 2777 1582 2825 Diaconus
1607 2779 1874 2825 cardinalis.

426 2871 611 2918 Datum
628 2870 851 2916 Lateran.
870 2884 954 2930 per
971 2884 1168 2914 manum
1187 2865 1399 2930 magistri
1445 2867 1695 2929 Simbaldy
1710 2869 1940 2916 auditoris
1959 2869 2229 2916 litterarum
2249 2887 2359 2917 con-

425 2961 742 3015 tradffiarum
758 2960 938 3006 domini
971 2974 1094 3020 pape
1117 2959 1220 3005 xvi⁰
1241 2958 1310 3005 kl.
1335 2957 1550 3019 Januarij
1575 2959 1834 3006 indistione
1857 2957 1950 3006 xva*
2012 2959 2358 3008 Incarnationis

428 3053 667 3099 dominice
702 3049 849 3096 Anno
882 3051 961 3105 CO?
1095 3047 1170 3096 cc⁰
1347 3045 1569 3095 vicesimo
1605 3047 1741 3096 sexto
1896 3050 2213 3098 Pontificatus
2246 3068 2357 3099 vero

429 3143 611 3191 domini
636 3141 839 3204 Honorij
864 3156 987 3203 pape
1010 3140 1145 3202 tercij
1171 3138 1318 3187 Anno
1343 3139 1612 3186 undecimo.
