3002 4030
305 911 409 953 188.

455 518 568 551 nm.
585 519 697 552 ROB.
714 521 789 552 111.
1024 509 1072 555 s.
1104 488 1497 557 TRINITATIS
1529 511 1621 558 DE
1653 513 1845 560 sooN.
2291 523 2381 569 147

450 727 595 775 Carta
617 729 988 778 confirmationis
1013 731 1158 793 Regis
1182 731 1382 786 Roberti
1406 734 1539 779 tertii
1563 740 1692 780 carte
1716 734 1862 796 Regis
1887 734 2086 783 Roberti
2110 739 2245 797 primi
2270 746 2343 784 ’τοῖ’
2365 765 2374 774 ·

453 894 713 957 ]{obertus
748 912 824 958 dei
855 910 1029 959 Gracia
1063 912 1171 958 Rex
1207 912 1483 959 Scottorum
1514 913 1707 960 Tercius
1731 913 1969 962 Omnibus
1992 917 2149 978 probis
2172 918 2374 964 homini-

449 1001 537 1047 bus
562 1002 716 1047 tocius
739 1007 866 1048 terre
888 1001 970 1048 sue
993 1002 1176 1049 clericis
1208 1009 1258 1049 et
1293 1002 1423 1049 laicis
1459 1003 1677 1051 Salutem
1711 1004 1885 1052 Sciatis
1919 1021 2006 1053 nos
2041 1005 2287 1069 inspexisse
2320 1024 2374 1055 ac

448 1093 667 1154 diligenti
691 1099 740 1139 et
763 1098 951 1139 matura
974 1093 1315 1140 deliberatione
1339 1090 1516 1154 confilij
1542 1092 1689 1141 nostri
1711 1095 1899 1156 plenius
1923 1096 2206 1144 intellexisse
2229 1114 2375 1159 quan-

448 1184 557 1230 dam
605 1190 784 1230 cartam
827 1183 1226 1230 confirmatoriam
1265 1182 1641 1231 reoolendiffime
1682 1188 1910 1233 memorie
1951 1189 2128 1234 domini
2174 1188 2374 1235 Roberti

448 1275 523 1320 dei
546 1275 699 1336 gratia
722 1274 829 1320 Rex
850 1274 1126 1321 Scottorum
1152 1272 1453 1321 Illustriffimi
1475 1277 1616 1336 primi
1633 1277 1805 1324 fafitam
1823 1276 2047 1339 religiosis
2065 1280 2175 1325 viris
2193 1279 2373 1327 Abbati

447 1372 497 1411 et
522 1366 760 1412 canonicis
784 1362 1061 1425 monasterij
1089 1364 1262 1412 San&e
1297 1366 1527 1412 trinitatis
1563 1372 1612 1412 et
1647 1365 1794 1413 saneti
1828 1368 2073 1415 michaelis
2106 1371 2373 1432 archangeli

447 1457 507 1502 de
532 1455 688 1503 Scona
710 1456 890 1502 ibidem
915 1456 1004 1502 deo
1039 1454 1352 1503 servientibus
1386 1462 1436 1502 et
1467 1454 1707 1503 servituris
1730 1459 2084 1519 imperpetuum
2107 1475 2202 1505 non
2224 1460 2372 1507 rasam

447 1563 543 1594 non
568 1547 796 1594 abolitam
831 1562 928 1592 non
962 1545 1275 1593 cancellatam
1310 1562 1399 1593 nec
1432 1547 1481 1591 in
1517 1546 1676 1607 aliqua
1708 1546 1778 1593 sui
1811 1555 1947 1609 parte
1970 1550 2186 1596 vitiatam
2208 1551 2258 1596 in
2281 1551 2371 1596 hiis

449 1639 605 1685 verbis
649 1638 729 1700 [ut
768 1637 907 1699 supra
952 1636 1083 1697 129]
1128 1637 1479 1698 Quamquidem
1525 1643 1705 1684 cartam
1749 1640 2144 1686 confirmatoriam
2187 1641 2236 1686 in
2274 1655 2372 1685 om-

447 1729 586 1775 nibus
610 1729 797 1790 punffis
822 1727 1034 1774 articulis
1058 1725 1425 1774 circumstantiis
1449 1735 1498 1774 et
1523 1730 1873 1776 conditionibus
1906 1729 1999 1776 suis
2024 1731 2174 1777 forma
2196 1732 2372 1791 pariter

446 1826 496 1866 et
520 1819 694 1866 effen-,u
727 1819 832 1865 Nos
864 1820 1024 1864 divine
1056 1819 1266 1865 caritatis
1297 1819 1478 1864 intuitu
1502 1825 1552 1864 et
1575 1834 1659 1879 pro
1683 1817 1832 1865 salute
1856 1822 2012 1866 anime
2036 1818 2190 1867 nostre
2214 1828 2264 1867 et
2286 1837 2370 1881 pro

444 1910 596 1957 salute
620 1912 885 1957 animarum
909 1908 1251 1956 antecessorum
1281 1915 1330 1967 et
1364 1907 1672 1975 successorum
1708 1909 1972 1957 nostrorum
1996 1910 2184 1973 Regum
2209 1911 2370 1958 Scotie

446 2002 759 2049 Ratificamus
793 2001 1108 2062 approbamus
1144 2006 1194 2046 et
1229 2001 1366 2046 dictis
1400 1997 1627 2061 religiosis
1661 2016 1716 2047 ac
1751 2016 1915 2047 eorum
1948 1999 2280 2048 successoribus
2319 2004 2368 2048 in

445 2093 643 2139 liberam
667 2107 834 2153 puram
859 2097 909 2137 et
942 2096 1223 2152 perpetuam
1259 2087 1560 2137 elemosinam
1597 2097 1763 2137 tenore
1797 2089 2027 2152 presentis
2062 2098 2190 2138 carte
2214 2092 2369 2138 nostre

445 2199 530 2244 pro
554 2183 690 2229 nobis
725 2189 774 2228 et
811 2182 1065 2228 heredibus
1101 2178 1269 2227 nostris
1293 2182 1342 2227 in
1376 2187 1660 2241 perpetuum
1687 2182 2018 2228 confirmamus
2043 2181 2186 2228 Sal'va
2208 2188 2369 2229 tamen

445 2275 581 2336 regni
599 2272 745 2320 nostri
764 2270 1036 2319 defensione
1060 2278 1202 2333 prout
1219 2273 1268 2317 in
1294 2272 1460 2318 eadem
1485 2277 1616 2318 carta
1634 2272 1982 2319 confirmatoria
2005 2272 2175 2319 clarius
2199 2270 2266 2318 est
2290 2289 2369 2318 ex-

444 2362 650 2426 pressum
681 2378 696 2411 s
730 2364 791 2410 In
813 2365 948 2410 cuius
976 2364 1043 2409 rei
1067 2360 1391 2409 testimonium
1421 2360 1627 2422 presenti
1657 2368 1787 2408 carte
1811 2363 2180 2409 confirmationis
2214 2360 2370 2409 nostre

445 2454 658 2502 nostrum
681 2469 909 2516 magnum
931 2450 1137 2515 sigillum
1160 2453 1332 2513 apponi
1361 2452 1659 2513 precepimus
1705 2450 1922 2498 Testibus
1952 2452 2297 2499 venerabilibus
2319 2454 2369 2498 in

447 2545 634 2594 Christo
666 2546 879 2607 patribus
911 2544 1133 2591 Waltero
1168 2549 1216 2590 et
1254 2543 1456 2590 Matheo
1491 2544 1568 2590 dei
1601 2544 1754 2605 gratia
1781 2542 2118 2589 Sanffiandree
2153 2549 2203 2589 et
2237 2542 2370 2590 Glas-

445 2637 634 2702 guenfis
668 2634 974 2684 ecclesiarum
1009 2633 1252 2696 Episcopis
1275 2660 1286 2671 ·
1309 2634 1524 2681 Roberto
1559 2633 1735 2680 comite
1767 2633 1827 2679 de
1857 2633 1949 2694 fyff
1974 2639 2025 2679 et
2057 2632 2116 2678 de
2141 2632 2368 2680 Menteth

446 2731 593 2777 fratre
627 2727 786 2775 nostro
820 2723 1052 2774 carissimo
1075 2749 1086 2762 ·
1118 2724 1422 2772 Archebaldo
1457 2726 1633 2772 comite
1661 2724 1720 2770 de
1749 2724 1944 2785 douglas
1968 2730 2016 2769 et
2041 2724 2231 2769 domino
2256 2723 2369 2770 Gal-

447 2822 587 2868 widie
606 2834 622 2867 s
643 2820 825 2867 Jacobo
854 2819 913 2864 de
939 2816 1137 2879 douglas
1171 2817 1362 2862 domino
1398 2817 1458 2862 de
1492 2815 1690 2862 dalketh
1726 2841 1736 2852 -
1772 2815 1936 2860 thoma
1959 2815 2017 2860 de
2052 2811 2232 2874 Erskyn
2258 2829 2367 2860 con-

446 2911 714 2974 sanguineis
737 2907 908 2956 nostris
931 2908 1114 2954 dilectis
1148 2907 1381 2953 militibus
1406 2913 1456 2952 et
1491 2905 1768 2952 Alexandro
1793 2906 1851 2951 de
1879 2905 2120 2950 cokburne
2144 2904 2202 2949 de
2237 2903 2367 2965 lang·

447 3011 596 3049 toune
630 2999 840 3048 Custode
878 2999 1040 3060 magni
1077 2995 1216 3059 sigilli
1250 2994 1394 3043 nostri
1419 3024 1428 3033 ·
1453 2997 1600 3058 Apud
1625 2995 1820 3042 Renfrw
1844 2996 2121 3041 duodecimo
2146 2994 2221 3040 die
2247 2994 2364 3054 Maij

448 3094 593 3140 Anno
617 3093 774 3154 Regni
799 3087 964 3137 Nostri
987 3086 1193 3135 secundo
1218 3115 1228 3125 ·
