2982 4016
586 1371 640 1411 15

596 2278 647 2322 16

676 512 732 554 19
1346 502 1551 550 LIBER
1586 497 1911 547 ECCLESIE
2366 507 2465 540 sne.
2493 506 2585 538 xu.

671 638 935 699 plenarium
959 639 1007 684 in
1031 638 1179 699 burgo
1204 637 1263 682 de
1287 632 1509 681 Linlidcu
1559 630 1840 677 Tenendum
1864 629 1914 674 in
1934 627 2133 674 liberam
2153 632 2204 672 et
2227 632 2587 687 permanentem

672 726 974 775 elemosinam
1019 735 1069 774 et
1114 728 1182 773 ita
1220 725 1367 771 libere
1407 730 1457 769 et
1497 722 1659 781 quiete
1704 717 1825 766 ficut
1863 717 2055 778 aliquod
2095 716 2290 763 tofftum
2330 718 2380 763 in
2420 716 2589 763 eodem

674 819 822 881 burgo
857 820 905 865 in
940 814 1239 865 elemofinam
1274 815 1439 860 datum
1471 811 1665 857 liberius
1696 816 1746 856 et
1776 809 1984 869 quietius
2024 813 2220 854 tenetur
2253 814 2304 854 et
2332 803 2591 868 possidetur

675 906 889 956 Testibus
932 907 1185 969 Engelram
1225 902 1507 951 cancellario
1550 900 1771 947 Waltero
1812 898 2024 960 dapifero
2049 896 2175 944 ‘Nic.
2212 896 2359 944 const.
2443 898 2590 959 Apud

682 998 972 1060 Edinburgh.

675 1180 817 1227 Carta
835 1178 1080 1225 Malcolmi
1106 1178 1252 1239 Regis
1277 1193 1337 1223 ne
1360 1174 1602 1237 quisquam
1628 1189 1822 1221 namum
1847 1174 2018 1234 capiat.

679 1346 987 1408 Maleolmus
1016 1360 1122 1405 Rex
1148 1359 1422 1406 Scottorum
1446 1357 1668 1403 omnibus
1691 1355 1851 1416 probis
1882 1355 2154 1401 hominibus
2187 1356 2339 1401 totius
2363 1362 2489 1402 terre
2512 1355 2594 1402 sue

675 1452 874 1500 salutem
909 1451 1132 1512 prohibeo
1159 1450 1358 1495 firmiter
1390 1464 1452 1495 ne
1487 1447 1731 1509 quisquam
1760 1445 1900 1507 super
1933 1452 2109 1492 terram
2143 1445 2327 1492 abbatis
2367 1446 2427 1493 de
2467 1445 2594 1494 Scon

678 1558 868 1589 namum
892 1542 1045 1602 capiat
1069 1556 1153 1602 pro
1180 1540 1378 1587 alicuius
1412 1540 1574 1585 debito
1608 1552 1764 1597 neque
1797 1552 1882 1598 pro
1917 1536 2080 1583 debito
2113 1534 2257 1597 ipfius
2291 1537 2478 1584 abbatis
2511 1544 2596 1584 aut

678 1634 873 1678 alicuius
887 1633 1128 1677 hominum
1144 1630 1333 1676 suorum
1349 1646 1437 1677 nec
1451 1645 1536 1691 pro
1550 1626 1693 1690 ipfius
1710 1628 1897 1675 abbatis
1915 1633 2000 1675 aut
2018 1627 2178 1688 aliquo
2195 1626 2387 1674 suorum
2406 1629 2595 1676 defe6tu

678 1722 761 1768 nist
786 1723 929 1769 abbas
953 1720 1049 1782 ipse
1072 1729 1155 1767 aut
1179 1722 1280 1767 eius
1311 1721 1452 1766 homo
1486 1722 1537 1766 in
1570 1721 1702 1767 curia
1723 1716 1867 1780 ipfius
1890 1719 2077 1766 abbatis
2099 1718 2443 1781 calumpnianti
2466 1721 2597 1781 prius

681 1814 906 1859 defecerit
936 1813 995 1858 de
1019 1813 1144 1858 1·ρὸὶο
1173 1810 1311 1872 super
1332 1826 1487 1857 meam
1510 1810 1773 1871 plenariam
1795 1808 2136 1857 foriss'aRuram
2203 1807 2421 1857 Testibus
2447 1809 2495 1856 N
2500 1811 2598 1857 ich-

682 1904 785 1951 olao
809 1902 1087 1950 cancellario
1112 1901 1271 1948 Dauid
1295 1900 1479 1948 Olifard
1506 1901 1758 1947 Willelmo
1781 1901 1841 1947 de
1866 1899 2008 1961 Haya
2075 1900 2222 1961 Apud
2245 1900 2539 1948 Jeddburch.

680 2086 823 2132 Carta
847 2084 1093 2132 Malcolmi
1118 2084 1263 2146 Regis
1286 2085 1345 2130 de
1369 2081 1564 2130 ecelefia
1587 2084 1647 2129 de
1671 2082 2030 2144 Inuergouerin.

681 2252 988 2314 Malcolmus
1011 2265 1118 2311 Rex
1142 2264 1416 2311 Scottorum
1440 2266 1660 2312 omnibus
1683 2265 1843 2326 probis
1866 2265 2141 2311 hominibus
2171 2267 2322 2312 totius
2358 2273 2484 2313 terre
2517 2267 2601 2315 sue

682 2357 881 2403 salutem
948 2355 1120 2402 Sciatis
1154 2370 1230 2401 me
1264 2352 1526 2402 eoneeffiffe
1561 2361 1612 2401 et
1646 2357 1735 2403 hae
1769 2362 1902 2403 carta
1934 2371 2042 2402 mea
2082 2355 2374 2404 confirmasse
2408 2356 2515 2405 Deo
2550 2366 2600 2405 et

683 2444 875 2493 eeclefie
909 2445 1081 2491 San&e
1113 2445 1357 2491 Trinitatis
1381 2446 1439 2491 de
1475 2444 1602 2492 Scon
1640 2452 1690 2492 et
1724 2447 1886 2493 abbati
1921 2452 1971 2493 et
2005 2448 2245 2493 canonicis
2279 2448 2457 2494 ibidem
2494 2448 2600 2496 Deo

683 2537 996 2583 seruientibus
1019 2534 1262 2582 ecelesiam
1286 2537 1344 2582 de
1368 2535 1714 2598 Inuergouerin
1738 2552 1849 2583 cum
1873 2537 2071 2584 dimidia
2091 2545 2314 2585 carucata
2347 2546 2475 2586 terre
2509 2556 2602 2600 que

677 2628 807 2687 jacet
830 2628 878 2672 in
903 2626 1183 2672 occidentali
1207 2633 1340 2687 parte
1364 2624 1558 2673 eeclefie
1581 2629 1914 2687 prenominate
1941 2629 2136 2675 nomine
2171 2627 2392 2691 Dargoeh
2417 2637 2468 2677 et
2491 2647 2601 2678 cum

684 2717 900 2763 omnibus
933 2717 1233 2777 pertinentiis
1266 2717 1325 2763 ad
1359 2717 1560 2763 eandem
1595 2715 1840 2765 eeclesiam
1863 2718 1940 2765 vel
1964 2724 2140 2765 terram
2163 2721 2516 2780 pertinentibus
2552 2724 2602 2768 in

687 2808 882 2853 liberam
928 2804 1217 2853 elimosinam
1290 2806 1448 2862 Quare
1488 2808 1687 2855 firmiter
1723 2809 1916 2856 inhibeo
1954 2824 2015 2856 ne
2055 2810 2160 2870 quis
2200 2811 2311 2857 inde
2349 2813 2602 2873 quicquam

687 2894 856 2943 iniuste
879 2898 1062 2944 auferre
1086 2897 1161 2943 vel
1190 2898 1453 2944 diminuere
1475 2897 1714 2959 presumat
1780 2897 2000 2946 Testibus
2032 2899 2288 2962 Engelram
2322 2902 2604 2950 cancellario

689 2987 904 3034 &Valtero
927 2987 1023 3033 filio
1047 2987 1191 3034 Alani
1216 2988 1424 3048 dapifero
1491 2988 1637 3049 Apud
1662 2989 1936 3037 Striueline.
