2982 4016
619 532 679 578 66
1285 523 1490 572 LIBER
1526 519 1853 570 ECCLESIE
2297 534 2399 568 sno.
2427 533 2543 567 xm.

618 661 676 708 ad
695 661 910 707 debitum
928 659 1211 721 perducatur
1228 655 1448 702 effeaum
1509 652 1632 700 Cum
1651 652 1815 712 itaque
1832 648 1955 698 ficut
1973 665 2035 697 ex
2053 647 2208 699 vestra
2223 648 2545 699 insinuatione

619 752 868 799 didicimus
903 750 1026 796 bone
1059 747 1286 794 memorie
1307 745 1353 791 J.
1378 743 1422 791 st
1446 742 1610 791 811116ὶί
1635 742 1870 804 Stephani
1893 742 1944 787 in
1967 741 2104 789 Celio
2126 748 2294 789 monte
2315 740 2548 804 presbiter
2634 776 2648 787 .

620 840 882 889 Cardinalis
905 840 1016 885 dum
1041 839 1089 883 in
1113 836 1325 898 partibus
1343 833 1437 880 illis
1460 833 1712 896 legationis
1730 832 1884 879 officio
1907 832 2191 895 fungeretur
2212 831 2460 881 ecclesiam
2485 835 2547 881 de

621 932 884 979 Cherintun
913 943 1053 990 quam
1077 927 1262 974 habetis
1285 926 1335 971 in
1358 925 1558 986 propriis
1580 921 1742 970 usibus
1765 923 2054 985 reparationi
2086 921 2284 971 ecclefie
2312 921 2467 971 vestre
2489 940 2546 972 ac

621 1023 909 1069 edificiorum
925 1016 1181 1066 vestrorum
1200 1016 1332 1062 vobis
1351 1015 1624 1062 volentibus
1641 1021 1693 1062 et
1710 1014 1988 1077 petentibus
2006 1015 2258 1076 deputavit
2275 1030 2363 1062 nos
2380 1014 2547 1063 vestris

623 1112 837 1174 precibus
859 1110 1073 1157 inclinati
1098 1108 1223 1169 quod
1247 1108 1308 1153 ab
1331 1107 1497 1154 eodem
1527 1105 1687 1168 legato
1718 1106 1918 1167 prouide
1942 1111 1993 1153 et
2016 1107 2246 1153 canonice
2275 1106 2455 1154 fastum
2477 1105 2549 1154 est

621 1202 899 1250 au&oritate
934 1197 1190 1261 apostolica
1219 1198 1553 1246 confirmamus
1591 1202 1643 1243 et
1665 1194 1898 1258 presentis
1927 1195 2091 1259 scripti
2120 1199 2387 1259 patrocinio
2421 1214 2551 1246 com-

622 1294 859 1339 munimus
912 1288 1180 1335 Distrifflus
1203 1289 1473 1335 inhibentes
1497 1303 1558 1334 ne
1578 1288 1683 1348 quis
1707 1303 1736 1334 a
1757 1288 1895 1334 uobis
1920 1288 1980 1335 de
1998 1289 2115 1335 ortis
2130 1289 2351 1352 virgultis
2374 1296 2426 1337 et
2448 1292 2548 1338 ani-

621 1383 817 1430 malium
853 1380 1160 1427 nutrimentis
1200 1380 1407 1426 decimas
1446 1378 1622 1425 audeat
1659 1384 1948 1439 extorquere
1972 1418 1978 1424 .
2017 1378 2161 1426 Nulli
2199 1395 2312 1443 ergo
2353 1382 2548 1428 omnino

622 1476 867 1521 hominum
893 1473 1034 1519 liceat
1070 1471 1191 1517 hanc
1222 1471 1443 1532 paginam
1474 1468 1633 1516 nostre
1662 1469 2038 1518 confirmationis
2066 1476 2116 1518 et
2150 1472 2450 1519 inhibitionis
2478 1474 2551 1519 in-

624 1565 827 1626 fringere
858 1563 934 1609 vel
957 1563 1000 1608 ei
1035 1559 1149 1608 ausu
1184 1561 1436 1607 temerario
1476 1561 1715 1607 contraire
1745 1557 1781 1607 fi
1814 1561 1920 1621 quis
1947 1566 2113 1608 autem
2142 1562 2235 1609 hoc
2258 1568 2550 1625 attemptare

625 1652 952 1716 presumpserit
970 1652 1344 1713 indignationem
1363 1651 1707 1712 omnipotentis
1731 1649 1827 1698 Dei
1842 1656 1893 1698 et
1915 1651 2170 1699 beatorum
2188 1651 2322 1700 Petri
2340 1659 2391 1701 et
2410 1653 2549 1702 Pauli

622 1742 935 1806 apostolorum
955 1743 1055 1803 ejus
1074 1740 1120 1787 se
1138 1742 1324 1788 noverit
1346 1739 1646 1788 incursurum
1688 1741 1874 1789 Datum
1893 1742 2050 1791 Reate
2067 1749 2239 1805 quarto
2261 1744 2318 1791 ki
2334 1744 2367 1792 J
2369 1746 2549 1807 anuarij

627 1835 935 1881 pontificatus
957 1831 1102 1879 nostri
1125 1832 1271 1879 Anno
1295 1832 1495 1879 decimo.

623 2016 764 2063 Bulla
785 2015 1156 2064 confirmationis
1179 2014 1383 2061 Honorii
1408 2013 1539 2076 Pape
1562 2014 1710 2075 Tertij

508 2203 596 2246 103
630 2183 896 2246 Honorius
919 2197 1161 2259 episcopus
1185 2197 1342 2243 servus
1364 2195 1606 2243 servorum
1630 2196 1725 2244 Dei
1749 2198 1933 2246 dileffis
1955 2199 2066 2248 filiis
2089 2201 2252 2250 abbati
2278 2200 2551 2265 monasterij

627 2289 782 2337 fauste
805 2290 1032 2336 trinitatis
1055 2289 1114 2335 de
1137 2288 1294 2334 Scona
1315 2285 1507 2350 ejusque
1530 2289 1756 2336 fratribus
1779 2295 1880 2337 tam
1898 2291 2198 2353 presentibus
2216 2309 2360 2355 quam
2377 2294 2552 2342 filturis

629 2379 891 2442 regularem
916 2380 1064 2426 vitam
1087 2376 1297 2440 profeffis
1320 2379 1368 2424 in
1394 2385 1679 2440 perpetuum
1748 2381 1985 2437 Quotiens
2008 2399 2037 2431 a
2058 2385 2196 2432 nobis
2218 2387 2403 2447 petitur
2424 2387 2552 2447 quod

628 2471 845 2533 religioni
870 2477 919 2517 et
941 2467 1175 2516 honestati
1198 2470 1451 2516 convenire
1486 2468 1745 2518 dinoscitur
1777 2474 1938 2520 animo
1961 2489 2049 2522 nos
2072 2476 2213 2523 decet
2247 2476 2417 2524 libenti
2441 2492 2554 2524 con-

631 2563 797 2609 cedere
841 2577 896 2609 ac
940 2562 1208 2622 petentium
1254 2557 1492 2607 desideriis
1538 2577 1802 2625 congruum
1841 2563 2116 2629 suffiagium
2160 2568 2395 2629 impertiri
2480 2567 2554 2616 Ea

631 2659 822 2714 propter
858 2652 1015 2699 dileffi
1051 2653 1101 2698 in
1138 2652 1328 2698 domino
1363 2651 1449 2698 filii
1486 2650 1650 2700 vestris
1677 2654 1820 2716 justis
1854 2655 2254 2718 postulationibus
2289 2659 2554 2708 clementer

630 2745 880 2791 annuimus
914 2749 964 2790 et
997 2743 1233 2804 prefatum
1260 2741 1597 2790 monasterium
1631 2743 1789 2794 santiae
1823 2748 2054 2795 trinitatis
2088 2749 2148 2796 de
2183 2749 2341 2797 Scona
2372 2751 2423 2797 in
2457 2767 2552 2812 quo

627 2835 787 2882 divino
822 2832 932 2881 estis
971 2832 1192 2894 obsequio
1231 2834 1489 2894 mancipati
1523 2832 1608 2882 sub
1641 2837 1772 2884 beati
1808 2837 1942 2886 Petri
1976 2844 2028 2887 et
2060 2838 2222 2888 nostra
2254 2843 2553 2903 protefflone

627 2923 902 2987 suscipimus
946 2931 997 2971 et
1042 2923 1271 2986 presentis
1315 2922 1476 2985 scripti
1528 2927 1776 2990 privilegio
1821 2931 2175 2978 communimus
2274 2931 2335 2979 In
2387 2934 2553 2995 primis

629 3012 855 3076 fiquidem
888 3013 1152 3063 statuentes
1185 3020 1243 3061 ut
1275 3015 1390 3060 ordo
1427 3018 1683 3064 canonicus
1718 3020 1799 3080 qui
1832 3018 2096 3068 secundum
2130 3021 2292 3070 Deum
2332 3030 2383 3071 et
2421 3024 2552 3072 beati

630 3104 885 3167 Augustini
919 3106 1132 3169 regulam
1168 3106 1219 3151 in
1254 3105 1423 3151 eodem
1459 3106 1564 3154 loco
1601 3107 1848 3158 institutus
1884 3109 1978 3159 effe
2013 3111 2275 3160 dinoscitur
2307 3116 2553 3176 perpetuis

632 3195 807 3242 ibidem
825 3198 1116 3258 temporibus
1133 3195 1472 3243 inviolabiliter
1486 3197 1763 3247 observetur
1807 3201 2035 3252 Preterea
2051 3202 2373 3266 quascumque
2385 3203 2555 3267 posses-

634 3282 784 3333 fiones
836 3302 1114 3350 quecunque
1158 3289 1285 3339 bona
1327 3294 1455 3342 idem
1507 3289 1844 3340 monasterium
1889 3293 2286 3357 inpresentiarum
2325 3294 2456 3358 Juste
2499 3313 2555 3344 ac
