3002 4030
543 2543 651 2589 208.

707 494 796 542 170
1379 486 1585 533 LIBER
1621 484 1947 533 ECCLESIE
2409 500 2508 533 snc.
2536 500 2619 533 xv.

698 621 895 667 modum
927 619 1082 682 gravis
1116 616 1309 678 querele
1341 614 1582 678 proposuit
1616 615 1742 676 quod
1779 615 1932 662 di&us
1967 614 2208 662 R‘obertus
2244 622 2295 663 et
2330 617 2523 677 quidem
2541 617 2621 664 alii

698 710 846 757 libere
868 715 1091 757 tenentes
1124 714 1357 754 terrarum
1389 705 1449 752 de
1478 704 1606 752 Rath
1629 711 1681 752 et
1704 705 1765 751 de
1786 704 2055 766 kynfawnis
2077 703 2304 753 secundas
2327 706 2535 754 decimas
2559 708 2618 754 de

697 801 846 848 firmis
867 807 1099 847 terrarum
1122 797 1438 859 predffiarum
1460 793 1543 842 suo
1560 792 1844 843 monasterio
1867 794 2051 842 debitas
2073 795 2133 842 ab
2156 794 2255 856 ipso
2272 801 2324 843 et
2339 794 2422 842 suo
2441 796 2623 843 monas-

698 892 819 938 terio
841 906 870 937 a
886 888 1039 951 longis
1056 893 1184 934 retro
1201 886 1496 947 temporibus
1513 885 1825 932 detinuerunt
1842 890 1893 932 et
1911 884 2132 932 detinent
2153 886 2311 932 minus
2321 884 2449 947 juste
2473 885 2539 933 Et
2562 888 2621 934 ad

698 981 1017 1027 intentionem
1034 977 1147 1024 diai
1164 975 1372 1023 Abbatis
1394 975 1686 1037 probandam
1708 974 1895 1022 litteras
1917 973 2170 1022 recolende
2191 977 2420 1022 memorie
2443 976 2622 1022 domini

699 1068 900 1116 Roberti
923 1066 1135 1115 Secundi
1157 1067 1281 1128 regis
1304 1065 1559 1114 Scotorum
1576 1065 1803 1127 produxit
1826 1071 1878 1111 et
1894 1079 2054 1112 coram
2072 1063 2211 1112 dictis
2229 1064 2439 1126 personis
2461 1065 2623 1113 electis

698 1159 877 1220 perlegi
891 1157 1007 1205 fecit
1014 1156 1232 1214 Quarum
1246 1156 1516 1204 litterarum
1532 1162 1672 1202 tenor
1685 1153 1897 1216 sequitur
1910 1155 1960 1202 in
1973 1155 2064 1202 hec
2072 1154 2216 1203 verba
2231 1179 2242 1191 ·
2261 1154 2485 1219 [utsupra
2504 1155 2621 1217 184]

698 1248 885 1304 Quibus
906 1247 1126 1309 perlectis
1148 1253 1200 1294 et
1221 1247 1485 1294 rationibus
1507 1243 1751 1307 utriusque
1782 1246 1930 1307 partis
1952 1246 2128 1292 auditis
2151 1251 2202 1292 et
2224 1245 2479 1293 intellectis
2502 1247 2627 1294 di&e

698 1337 894 1401 persone
928 1339 989 1386 de
1018 1337 1335 1401 parliamento
1366 1336 1528 1384 electis
1559 1341 1747 1383 matura
1777 1335 2120 1383 deliberatione
2151 1335 2386 1397 prelibata
2407 1336 2628 1384 decreve-

697 1436 811 1477 runt
834 1426 1100 1477 confimiles
1122 1428 1307 1475 litteras
1330 1425 1416 1474 sub
1438 1442 1612 1489 magno
1638 1423 1843 1490 [figillo]
1874 1426 2054 1473 domini
2078 1425 2223 1473 nostri
2246 1428 2370 1490 regis
2393 1429 2475 1488 qui
2499 1443 2626 1475 nunc

698 1517 768 1568 est
785 1520 887 1567 fieri
910 1527 962 1567 et
985 1520 1086 1566 dari
1109 1518 1283 1566 debere
1306 1518 1462 1565 eidem
1480 1516 1665 1564 Abbati
1683 1516 1974 1565 Vicecomiti
1997 1524 2048 1564 et
2070 1517 2258 1564 ballivis
2274 1516 2369 1565 suis
2393 1520 2452 1566 de
2477 1519 2623 1566 Perth

699 1611 966 1674 dirigendas
1005 1610 1064 1657 ad
1110 1607 1493 1670 compellendum
1538 1607 1803 1669 prediaum
1844 1607 2110 1655 Robertum
2148 1614 2198 1655 et
2234 1615 2417 1656 ceteros
2457 1610 2626 1657 libere-

698 1707 921 1748 tenentes
951 1716 1006 1748 ac
1035 1699 1360 1746 inhabitantes
1383 1698 1530 1744 dietas
1563 1704 1714 1745 terras
1748 1698 1808 1745 de
1843 1697 1973 1745 Rath
2007 1705 2058 1745 et
2092 1699 2152 1746 de
2187 1699 2465 1761 kynfawnys
2498 1704 2624 1762 quod

699 1808 795 1838 non
819 1788 1115 1838 obstantibus
1137 1788 1524 1851 Allegationibus
1546 1785 1640 1835 suis
1662 1788 1713 1834 in
1727 1787 1910 1849 judicio
1932 1785 2179 1850 propositis
2201 1786 2483 1837 satiffaciant
2500 1792 2625 1838 dicto

700 1882 881 1929 Abbati
904 1887 955 1928 et
976 1878 1261 1934 monasterio
1282 1876 1365 1926 suo
1399 1879 1459 1926 de
1491 1875 1721 1940 premiffis
1743 1877 1960 1926 secundis
1984 1879 2180 1926 decimis
2207 1878 2467 1927 secundum
2489 1889 2624 1929 teno-

697 1988 799 2019 rem
822 1972 1093 2018 litterarum
1113 1971 1353 2034 regiarum
1369 1970 1685 2031 predi&arum
1704 1968 1888 2016 Datum
1910 1967 1995 2016 sub
2019 1966 2290 2016 testimonio
2307 1972 2468 2033 magni
2486 1969 2623 2034 figilli

697 2063 894 2125 prediffl
918 2062 1097 2108 domini
1115 2059 1261 2108 nostri
1277 2061 1402 2123 regis
1420 2059 1568 2121 Apud
1593 2058 1874 2121 Edinburgh
1896 2059 1954 2106 ad
1979 2056 2259 2107 instanciam
2283 2060 2396 2108 diai
2419 2060 2625 2109 Abbatis

698 2150 919 2201 vicefimo
940 2153 1107 2199 oaavo
1130 2151 1208 2198 die
1230 2148 1404 2198 menfis
1426 2150 1539 2197 maii
1563 2149 1722 2196 Annis
1745 2149 1924 2195 domini
1949 2154 2000 2195 et
2022 2150 2147 2211 regis
2170 2151 2303 2211 regni
2328 2152 2549 2212 predictis
2572 2178 2583 2188 ·

697 2330 841 2378 Bulla
864 2331 994 2393 Pape
1017 2330 1220 2379 Martini
1245 2358 1254 2368 ·

701 2500 985 2581 martinus
1008 2511 1094 2575 eps
1115 2510 1279 2560 seruus
1301 2495 1473 2568 semovi
1496 2513 1608 2559 deis
1631 2510 1823 2559 Dilecto
1853 2511 1952 2559 filio
1981 2510 2216 2574 prepofito
2247 2512 2443 2575 Capelle
2473 2515 2624 2578 Regie

699 2604 1038 2652 San&iandree
1060 2601 1166 2650 Salt
1188 2609 1240 2650 et
1262 2601 1464 2664 apricam
1486 2601 1583 2650 beii
1606 2629 1618 2640 ·
1641 2601 1899 2663 Conquesti
1922 2600 2032 2649 sunt
2062 2603 2199 2650 nobis
2221 2603 2389 2651 Abbas
2416 2613 2468 2652 et
2498 2605 2623 2652 Con-

697 2701 873 2742 uentus
894 2692 1172 2755 monasterij
1198 2694 1258 2740 de
1289 2692 1447 2740 Scona
1478 2693 1656 2739 ordinis
1688 2690 1835 2740 fimffl
1858 2691 2116 2756 Augustini
2151 2693 2492 2743 San&iandree
2515 2698 2622 2743 dio'c

697 2783 763 2846 qd
785 2782 989 2831 vniuerfi
1010 2784 1229 2832 homines
1251 2782 1365 2830 ville
1387 2783 1448 2830 de
1465 2781 1645 2830 Parciis
1667 2782 1963 2844 parrochiani
1987 2785 2118 2832 eccie
2139 2784 2254 2832 ville
2277 2786 2337 2832 de
2360 2785 2476 2834 Blar
2497 2787 2621 2834 dicte

697 2857 806 2924 dioc
826 2902 839 2912 ·
861 2890 1005 2937 quam
1028 2874 1228 2923 ecciiam
1249 2874 1362 2922 diiii
1385 2873 1552 2921 Abbas
1574 2879 1625 2920 et
1648 2872 1929 2921 Conuentus
1950 2874 2001 2921 in
2024 2873 2134 2922 usus
2160 2877 2373 2938 proprios
2396 2879 2622 2925 canonice

698 2966 919 3014 obtinent
938 2980 954 3014 s
975 2965 1037 3013 ad
1060 2964 1259 3013 eccliam
1269 2965 1460 3026 prefati
1480 2964 1707 3012 accedere
1724 2977 1736 3003 Ι
1753 2971 1804 3012 et
1821 2964 1999 3012 ibidem
2016 2972 2073 3012 ut
2090 2972 2346 3014 tenentur!
2358 2966 2623 3016 eccliastica

696 3055 988 3105 iaci-amenta
1009 3057 1219 3118 recipere
1241 3032 1429 3103 necnon
1452 3055 1670 3102 diuinum
1702 3054 1905 3102 uerbum
1935 3055 2100 3103 audire
2130 3058 2319 3119 propria
2347 3060 2622 3106 temeritate

699 3151 1048 3208 contempnunt
1065 3160 1082 3194 l
1103 3146 1323 3195 faciendo
1340 3142 1427 3193 fibi
1451 3161 1535 3207 per
1556 3145 1736 3194 alienos
1757 3142 1903 3207 fibros
1925 3146 1975 3192 in
1997 3146 2091 3194 alia
2113 3147 2264 3195 ecetia
2285 3149 2448 3196 diuina
2469 3149 2622 3196 officia

701 3244 883 3284 temere
906 3237 1133 3284 celebrari
1156 3237 1207 3284 in
1224 3235 1433 3284 Abbatis
1455 3244 1506 3284 et
1523 3235 1805 3284 Conuentus
1827 3252 1883 3284 ac
1905 3236 2170 3300 monaster-ij
2195 3246 2246 3285 et
2268 3239 2418 3286 ecciie
2441 3241 2622 3300 predic-
