2982 4016
450 532 564 566 REG.
592 533 704 567 WIL.
1002 524 1050 570 S.
1087 525 1481 575 TRINITATIS
1516 529 1608 576 DE
1644 530 1837 578 SCON.
2312 544 2367 589 97

447 653 655 710 quietius
696 654 1086 704 honorificentius
1134 663 1330 705 tenetur
1369 666 1420 707 et
1458 658 1719 723 poffidetur
1759 662 1913 710 Nobis
1954 670 2003 710 et
2043 663 2371 715 successoribus

443 741 614 791 nostris
648 745 866 793 faciendo
892 748 951 795 de
976 746 1174 797 ecclefia
1208 748 1492 813 episcopalia
1526 751 1592 800 et'
1611 754 1671 800 de
1705 760 1832 801 terra
1864 752 2105 802 reddendo
2128 762 2374 805 annuatim

442 835 688 883 dimidiam
712 853 922 886 mercam
945 841 1130 903 argenti
1149 842 1209 888 ad
1228 840 1401 889 festum
1420 843 1581 890 Sanffi
1601 843 1855 891 Michaelis
1922 844 2140 894 Testibus
2159 848 2372 896 Galfrido

440 924 637 974 Abbate
682 929 741 976 de
783 929 1107 993 Dunfermlyn
1142 931 1365 980 Waltero
1403 935 1559 996 priore
1602 936 1661 982 de
1699 935 1873 983 Sancto
1916 936 2113 985 Andrea
2150 938 2371 986 Johanne

439 1010 628 1079 nepote*
657 1019 859 1068 Roberti
906 1019 1110 1084 episcopi
1148 1022 1363 1071 Roberto
1404 1025 1502 1072 filio
1542 1024 1676 1073 seolfi
1715 1028 1774 1074 de
1816 1027 1964 1074 Perth
2001 1028 2281 1077 Alexandro
2322 1039 2372 1078 et

440 1106 693 1157 Willelmo
740 1108 998 1174 capellanis
1041 1112 1273 1161 Gaufrido
1318 1116 1528 1177 dapifero
1570 1116 1780 1179 Symone
1823 1118 2002 1166 decano
2054 1121 2113 1167 de
2158 1137 2371 1183 goueryn

437 1199 632 1258 paulino
674 1203 919 1264 capellano
961 1205 1115 1252 odone
1156 1205 1368 1267 dapifero
1409 1207 1600 1269 hugone
1636 1205 1864 1269 pincerna
1902 1211 2108 1272 garnello
2149 1211 2368 1260 hostiario

440 1289 692 1340 Willelmo
716 1295 974 1342 camerario
1000 1294 1195 1343 aldredo
1217 1294 1393 1358 pistore
1416 1297 1588 1345 aldano
1613 1314 1740 1346 coeo.

415 1463 725 1513 Confirmatio
750 1467 973 1530 Hugonis
997 1467 1200 1531 episcopi
1225 1469 1389 1517 Sanffi
1413 1469 1610 1518 Andree
1629 1472 1688 1518 de
1713 1471 1911 1520 ecclesia
1934 1475 1992 1520 de
2018 1474 2171 1537 Login
2196 1478 2367 1524 dundo.

341 1654 394 1696 41
439 1633 613 1712 Hugo
632 1648 726 1696 Dei
748 1651 904 1713 gratia
921 1648 1118 1701 ecclefie
1137 1651 1300 1700 Sancti
1315 1651 1512 1700 Andree
1526 1653 1721 1701 humilis
1736 1652 1944 1703 minister
1960 1654 2202 1704 Univerfis
2218 1657 2372 1706 sanfioe

434 1741 602 1788 matris
625 1739 823 1788 ecclesie
840 1741 951 1789 filiis
985 1742 1170 1790 clericis
1194 1749 1245 1791 et
1268 1743 1402 1791 laicis
1435 1742 1639 1791 salutem
1708 1744 1875 1792 Sciant
1909 1751 2009 1793 tam
2032 1746 2205 1808 posteri
2229 1765 2372 1810 quam

432 1831 675 1894 presentes
699 1848 786 1880 nos
810 1830 986 1881 dedifl'e
1009 1839 1061 1881 et
1084 1832 1350 1883 conceffifl'e
1374 1840 1424 1883 et
1446 1835 1535 1883 hac
1559 1841 1690 1883 carta
1723 1834 1884 1884 nostra
1906 1837 2196 1886 confirmasse
2220 1841 2371 1887 eccle-

432 1920 544 1971 fiam
562 1929 613 1971 et
628 1929 806 1971 terram
822 1925 882 1972 de
899 1924 1055 1988 Login
1071 1926 1266 1973 dundho
1281 1932 1331 1974 et
1346 1942 1488 1974 omne
1502 1927 1575 1974 ius
1593 1927 1720 1988 quod
1734 1927 1784 1973 in
1799 1928 1866 1974 eis
1882 1928 2135 1976 habuimus
2153 1931 2370 1990 quietum

433 2013 652 2063 clamasse
677 2013 874 2063 ecclesie
910 2017 970 2064 de
1005 2016 1163 2064 Scone
1186 2023 1238 2064 et
1261 2019 1501 2065 canonicis
1534 2018 1713 2064 ibidem
1737 2018 1826 2064 deo
1860 2017 2172 2066 servientibus
2196 2027 2246 2067 et
2276 2021 2368 2067 ser-

432 2107 602 2153 vituris
626 2108 677 2153 in
700 2107 902 2155 liberam
936 2114 986 2154 et
1020 2113 1306 2170 perpetuam
1340 2106 1644 2156 elemosinam
1669 2096 1829 2164 Quare
1853 2109 2071 2156 volumus
2096 2116 2146 2157 et
2170 2113 2368 2158 ’(1υᾶ0ῑί-

432 2203 535 2244 tate
559 2196 812 2260 episcopali
844 2199 1133 2260 precipimus
1155 2205 1212 2246 ut
1235 2200 1435 2261 prediffl
1452 2199 1675 2246 ⁴canonici
1709 2200 2090 2273 prenominatam
2122 2199 2367 2248 ecclesiam

433 2304 544 2335 cum
568 2289 791 2336 omnibus
815 2289 974 2336 eidem
999 2287 1121 2337 iuste
1144 2291 1498 2351 pertinentibus
1522 2295 1573 2337 et
1597 2295 1775 2336 terram
1799 2304 1909 2337 cum
1931 2291 2071 2338 reffis
2095 2289 2250 2338 divifis
2274 2290 2367 2338 suis

431 2386 482 2441 et
499 2381 804 2441 pertinentiis
821 2380 940 2434 adeo
964 2379 1114 2428 libere
1131 2386 1332 2428 teneant
1353 2381 1516 2442 quie-te
1532 2380 1791 2427 honorifice
1809 2386 1859 2427 et
1876 2380 2089 2442 plenarie
2105 2379 2367 2442 poflideant

430 2471 603 2519 liberas
627 2477 678 2518 et
702 2472 888 2532 quietas
911 2471 971 2519 ab
996 2472 1127 2518 omni
1152 2471 1342 2518 servitio
1367 2472 1615 2518 exaffione
1633 2475 1684 2518 et
1699 2470 2047 2518 'consuetudine
2070 2473 2129 2519 ad
2153 2487 2238 2518 nos
2262 2488 2366 2533 per-

395 2562 398 2564 ’
429 2564 619 2609 tinente
653 2559 773 2618 ficut
805 2562 966 2624 aliqua
998 2559 1195 2610 ecclefia
1217 2559 1312 2609 five
1347 2567 1475 2610 terra
1508 2563 1559 2618 in
1588 2567 1693 2608 toto
1728 2562 1898 2624 Regno
1933 2562 2126 2609 liberius
2161 2564 2364 2622 quietius

428 2654 820 2714 honorificentius
834 2659 1031 2702 tenetur
1044 2660 1095 2701 et
1109 2650 1369 2716 poffidetur
1383 2653 1539 2701 Nobis
1554 2658 1604 2700 et
1617 2651 1950 2700 successoribus
1967 2651 2135 2699 nostris
2149 2654 2364 2700 faciendo

432 2747 492 2792 de
515 2743 713 2804 ecclefia
735 2743 1018 2808 episcopalia
1035 2751 1085 2793 et
1104 2746 1164 2792 de
1182 2751 1310 2792 terra
1332 2745 1596 2792 Reddendo
1620 2744 1867 2791 annuatim
1891 2744 2132 2790 dimidiam
2155 2758 2361 2790 marcam

433 2837 619 2899 argenti
642 2837 703 2883 ad
726 2833 900 2883 festum
919 2835 1066 2883 sanffi
1091 2835 1348 2883 Michaelis
1415 2832 1632 2882 Testibus
1649 2834 1847 2881 Andrea
1862 2831 2091 2894 Episcopo
2110 2831 2359 2880 Catenenfi

434 2926 752 2974 erchenbaldo
800 2926 976 2974 abbate
1023 2927 1083 2974 de
1132 2921 1513 2988 Dunfermelyne
1562 2924 1784 2973 Waltero
1827 2925 1983 2985 priore
2022 2923 2357 2970 Sanffiandree

435 3017 666 3065 Waltero'
681 2993 837 3079 priore
861 3017 920 3064 de
935 3015 1097 3064 Insula
1115 3013 1279 3065 Sansti
1303 3014 1538 3069 Columbe
1557 3012 1779 3063 Waltero
1802 3009 2150 3061 Archidiacono
2175 3012 2356 3059 Sanffi-

435 3109 611 3156 andree
643 3107 876 3156 Gocelino
901 3106 1254 3155 Archidiacono
1278 3104 1338 3154 de
1362 3106 1593 3153 Dunkeld
1617 3105 1825 3167 Hugone
1849 3104 2020 3150 clerico
2048 3104 2171 3164 regis
2200 3101 2356 3148 Alex-

436 3201 582 3247 andro
612 3197 859 3261 capellano
881 3195 1105 3261 magistro
1131 3197 1384 3253 Willelmo
1409 3197 1620 3245 Henrico
1645 3195 1854 3257 dapifero
1878 3192 2087 3255 Hugone
2115 3193 2351 3254 pincerna.
