3002 4030
442 524 557 558 REG.
584 524 741 557 DAv1D
767 524 822 556 11.
982 509 1030 557 S.
1065 509 1470 558 TRINITATIS
1506 511 1598 558 DE
1635 511 1828 560 SCON.
2278 524 2369 569 129

442 641 609 688 ventui
649 638 921 703 monasterij
960 615 1020 688 de
1061 640 1219 688 Scona
1258 641 1435 687 ordinis
1475 640 1620 688 san6ti
1658 642 1917 706 Augustini
1955 643 2148 692 diocefis
2188 646 2369 696 80ηὸὶί-

443 733 619 779 andree
653 732 705 778 in
742 731 911 780 Scocia
943 729 1146 778 salutem
1181 736 1232 778 et
1265 729 1570 801 apostolicam
1605 733 1985 781 benediffionem
2020 736 2145 782 Cum
2178 753 2206 784 a
2235 739 2370 785 nobis

440 823 624 883 petitur
659 823 787 883 quod
822 820 999 868 iustum
1040 818 1109 867 est
1140 827 1191 867 et
1223 819 1476 867 honestum
1515 827 1616 869 tam
1647 824 1780 885 vigor
1816 827 2041 885 equitatis
2075 841 2215 887 quam
2256 828 2371 874 ordo

444 913 597 975 exigit
619 913 818 960 rationis
851 917 909 959 ut
943 912 993 959 id
1029 927 1115 973 per
1147 910 1498 958 solicitudinem
1535 913 1675 975 officij
1700 912 1844 960 nostri
1867 917 1927 962 ad
1951 917 2167 963 debitum
2201 919 2372 979 perdu-

443 1009 581 1051 catur
610 1002 828 1049 effectum
857 1002 984 1050 Sane
1013 1002 1185 1063 petitio
1221 1017 1307 1063 pro
1334 1008 1470 1063 parte
1493 1002 1647 1050 vestra
1681 1005 1816 1051 nobis
1849 1006 2063 1054 exhibita
2094 1009 2369 1056 continebat

445 1094 587 1150 Quod
616 1093 732 1140 olim
763 1093 889 1141 clare
919 1093 1149 1140 memorie
1181 1091 1423 1138 Robertus
1448 1093 1556 1139 Rex
1583 1091 1843 1141 scottorum
1880 1097 1930 1142 in
1966 1097 2194 1145 honorem
2230 1099 2371 1146 beate

443 1186 592 1233 marie
614 1185 810 1247 virginis
833 1189 884 1231 et
910 1183 1043 1231 beati
1075 1183 1321 1230 michaelis
1357 1183 1627 1244 archangeli
1661 1190 1711 1230 et
1745 1200 1829 1245 pro
1852 1185 1934 1234 sua
1957 1193 2006 1234 et
2029 1187 2370 1236 antecefl'orum

442 1277 632 1331 suorum
672 1278 938 1325 animarum
982 1276 1135 1323 salute
1180 1276 1341 1323 locum
1387 1276 1700 1338 thaynagium
1745 1283 2076 1338 nuncupatum
2115 1280 2175 1326 de
2215 1280 2372 1327 Scona

446 1366 642 1416 diocefis
667 1368 1009 1415 Sanffiandree
1031 1367 1083 1432 in
1106 1366 1275 1414 Scocia
1298 1383 1407 1413 cum
1431 1367 1651 1413 omnibus
1667 1367 1857 1428 juribus
1881 1372 1930 1413 et
1953 1369 2254 1429 pertinentiis
2277 1370 2372 1418 suis

444 1460 579 1507 vobis
618 1464 669 1507 et
708 1459 834 1505 dieto
868 1455 1023 1505 vestro
1058 1455 1343 1505 monasterio
1376 1459 1427 1503 in
1462 1472 1632 1518 puram
1666 1463 1716 1504 et
1754 1462 2034 1518 perpetuam
2069 1458 2371 1508 elemosinam

443 1547 668 1599 eonceffit
693 1555 744 1596 et
766 1549 962 1596 donavit
986 1548 1052 1595 Et
1077 1549 1251 1595 deinde
1285 1545 1545 1595 cariffimus
1578 1548 1629 1594 in
1663 1547 1836 1594 christo
1873 1548 1998 1595 filius
2032 1547 2190 1597 noster
2213 1550 2372 1598 Dauid

436 1650 546 1697 Rex
582 1649 861 1697 Scottorum
885 1648 1089 1696 Illustris
1120 1650 1278 1696 eidem
1302 1647 1503 1695 Roberti
1525 1646 1652 1693 filius
1686 1652 1736 1694 et
1769 1645 1996 1693 successor
2029 1646 2371 1697 conceffionem

438 1746 488 1788 et
512 1741 822 1788 donationem
845 1738 1115 1801 hujusmodi
1151 1737 1328 1787 eisdem
1362 1738 1628 1786 rationibus
1657 1738 1938 1799 approbavit
1961 1743 2010 1785 et
2034 1740 2179 1786 etiam
2204 1741 2372 1788 confir·

436 1832 587 1879 mavit
620 1837 765 1893 prout
787 1831 838 1877 in
860 1828 1002 1892 ipfius
1027 1830 1184 1878 David
1209 1830 1356 1893 Regis
1386 1830 1664 1891 patentibus
1688 1829 1861 1876 litteris
1884 1829 1995 1876 inde
2019 1830 2245 1877 confeffls
2269 1832 2369 1892 ejus

436 1921 589 1985 figillo
622 1924 823 1970 munitis
854 1938 1055 1984 quarum
1091 1928 1308 1969 tenorem
1332 1923 1393 1969 de
1417 1922 1561 1969 verbo
1586 1922 1645 1969 ad
1669 1922 1867 1969 verbum
1901 1920 2197 1984 presentibus
2229 1922 2369 1971 inseri

436 2016 638 2063 fecimus
660 2015 849 2078 plenius
873 1996 1184 2062 continentur
1207 2014 1368 2070 Quare
1391 2029 1477 2075 pro
1500 2019 1638 2075 parte
1661 2012 1816 2060 vestra
1839 2014 1933 2060 fuit
1954 2013 2091 2059 nobis
2123 2014 2370 2061 humiliter

435 2098 755 2168 supplicatum
777 2111 835 2153 ut
858 2102 1140 2154 conceffioni
1175 2105 1422 2152 donationi
1456 2105 1787 2166 approbationi
1811 2109 1861 2151 et
1886 2104 2231 2151 confirmationi
2264 2121 2369 2167 pre-

438 2198 573 2245 diffis
597 2195 852 2259 apostolice
875 2197 1116 2243 firmitatis
1140 2196 1309 2242 Robur
1331 2196 1517 2242 adicere
1553 2196 1858 2258 dignaremur
1890 2195 1996 2242 Nos
2028 2196 2191 2256 itaque
2212 2195 2369 2258 hujus-

435 2289 566 2336 modi
589 2286 755 2336 vestris
779 2289 829 2335 in
851 2288 941 2335 hac
974 2292 1111 2348 parte
1143 2285 1567 2348 supplicationibus
1601 2287 1818 2333 inclinati
1847 2284 2190 2334 conceffionem
2225 2287 2368 2334 dona-

436 2381 620 2427 tionem
654 2379 1049 2441 approbationem
1084 2383 1135 2425 et
1169 2378 1580 2425 confirmationem
1619 2378 1854 2439 prediGtas
1889 2382 2015 2424 ratas
2052 2377 2284 2424 habentes
2318 2384 2368 2424 et

437 2477 597 2534 gratas
630 2470 738 2517 illas
772 2471 1056 2518 autitoritate
1090 2466 1346 2530 apostolica
1369 2484 1431 2516 ex
1454 2474 1584 2515 certa
1607 2467 1805 2515 scientia
1837 2467 2168 2515 confirmamus
2192 2473 2242 2514 et
2263 2483 2368 2529 pre-

436 2561 583 2610 sentis
605 2559 767 2623 scripti
790 2561 1054 2623 patrocinio
1079 2560 1431 2607 communimus
1453 2558 1610 2605 Tenor
1635 2564 1798 2605 autem
1834 2558 2063 2604 distamm
2101 2558 2366 2605 litterarum

436 2654 547 2702 talis
566 2651 635 2700 est
654 2679 666 2692 ·
685 2652 847 2700 Dauid
865 2653 941 2700 dei
959 2653 1114 2715 gratia
1134 2652 1233 2714 [ᾅο.
1252 2656 1302 2698 ut
1319 2651 1369 2697 in
1385 2648 1474 2697 No.
1495 2647 1598 2710 81,]
1622 2649 1763 2695 Nulli
1783 2664 1894 2711 ergo
1913 2650 2106 2695 omnino
2119 2649 2365 2695 hominum

438 2745 580 2792 liceat
612 2745 735 2791 hanc
759 2745 987 2806 ‚paginam
1018 2740 1177 2789 nostre
1206 2741 1577 2789 confirmationis
1611 2741 1868 2802 infringere
1902 2739 1978 2786 vel
2002 2739 2046 2786 ei
2069 2737 2182 2785 ausu
2216 2745 2364 2786 teme-

437 2838 561 2884 rario
579 2836 815 2884 contraire
834 2835 888 2882 Si
906 2836 1010 2895 quis
1028 2840 1191 2882 autem
1208 2834 1300 2881 hoc
1318 2838 1608 2894 attemptare
1625 2829 1956 2892 presumpserit
1978 2828 2362 2891 Indignationem

439 2927 783 2988 omnipotentis
807 2926 884 2972 dei
908 2931 959 2972 et
981 2925 1233 2972 beatorum
1255 2925 1381 2986 petri
1404 2928 1455 2969 et
1484 2922 1614 2984 pauli
1638 2919 1955 2983 apostolorum
1979 2921 2081 2981 ejus
2103 2917 2151 2966 se
2177 2920 2362 2966 noverit

439 3016 737 3065 incursurum
761 3015 945 3062 Datum
962 3016 1089 3077 apud
1106 3015 1291 3064 Villam
1309 3028 1483 3061 novam
1500 3011 1714 3059 Auinion
1731 3008 1926 3059 diocefis
1945 3015 2112 3071 quarto
2135 3009 2361 3058 kalendas

441 3107 738 3170 Septembris
762 3105 1079 3154 Pontificatus
1101 3102 1248 3152 nostri
1272 3103 1419 3152 Anno
1442 3105 1595 3166 primo
1619 3095 1644 3140 ·'

1391 3299 1424 3335 R
