2982 4016
552 2568 611 2608 99

652 535 709 576 18
1324 525 1529 573 LIBER
1563 522 1890 571 ECCLESIE
2350 538 2449 571 sac.
2476 539 2570 571 ΧΠ,

650 661 820 707 uituris
845 658 1223 721 Ahedncpobbel
1252 672 1336 718 per
1363 654 1549 702 easdem
1580 653 1749 701 divisas
1783 668 1893 700 cum
1929 653 2101 714 quibus
2136 652 2378 701 Robertus
2414 656 2571 717 capel·-

649 751 784 797 lanus
813 750 942 797 illam
976 751 1132 796 tenuit
1166 755 1215 794 et
1251 746 1425 793 toftum
1455 760 1604 791 unum
1638 746 1687 790 in
1716 743 2011 790 Tubermore
2046 743 2185 790 illum
2218 743 2399 792 scilicet
2428 761 2569 806 quem

648 837 882 888 aurifaber
917 841 1073 886 tenuit
1109 838 1305 884 Pratum
1341 850 1528 895 quoque
1551 834 1679 895 quod
1703 832 1772 880 est
1796 832 1935 895 super
1964 833 2245 881 Lochethin
2280 851 2341 882 ex
2375 835 2567 884 australi

648 939 782 992 parte
805 947 833 977 a
857 930 958 976 loco
982 945 1075 989 quo
1097 930 1146 974 in
1170 929 1353 973 oriente
1384 926 1665 987 contiguum
1690 922 1759 971 est
1782 931 1910 971 terre
1934 922 2240 971 Rusticorum
2265 927 2571 986 quandocun-

646 1037 737 1082 que
768 1020 1043 1067 extenditur
1075 1034 1160 1079 pcr
1192 1017 1344 1064 latum
1369 1023 1418 1063 et
1443 1016 1638 1077 longum
1663 1014 1822 1062 versus
1845 1016 2147 1062 occidentem
2182 1031 2291 1062 cum
2328 1021 2570 1064 communi

645 1108 830 1172 pastura
853 1120 903 1156 et
926 1106 1214 1170 ayfiamento
1238 1108 1443 1154 nemoris
1466 1107 1561 1152 mei
1596 1107 1654 1152 ad
1680 1121 1980 1166 quecumque
2014 1105 2197 1153 necess'e
2231 1108 2486 1155 habuerint
2522 1110 2571 1155 in

645 1202 838 1248 liberam
862 1208 911 1247 et
934 1206 1213 1261 perpetuam
1238 1195 1542 1245 elemosinam
1566 1213 1650 1258 pro
1668 1198 1828 1243 anima
1845 1196 2049 1244 Comitis
2067 1196 2269 1245 Henrici
2285 1205 2335 1245 et
2353 1201 2569 1246 omnium

642 1290 981 1339 antecessorum
1005 1306 1191 1337 necnon
1215 1296 1265 1335 et
1289 1286 1598 1335 successorum
1622 1303 1838 1334 meorum
1861 1293 1912 1335 et
1934 1303 2020 1349 pro
2049 1289 2210 1335 anima
2233 1304 2342 1336 mea
2409 1290 2569 1346 Quare

642 1383 749 1428 volo
773 1390 826 1429 vt
849 1384 1019 1444 prefati
1044 1382 1258 1429 canonici
1281 1381 1660 1442 prenominatam
1692 1385 1868 1426 terram
1904 1394 2015 1426 cum
2049 1381 2270 1427 omnibus
2294 1379 2571 1442 supradictis

643 1480 840 1520 teneant
866 1481 915 1520 et
938 1470 1199 1535 poffideant
1213 1472 1322 1533 jure
1345 1477 1576 1533 perpetuo
1605 1470 1663 1516 de
1697 1486 1776 1517 me
1810 1476 1860 1516 et
1894 1470 2150 1518 heredibus
2185 1473 2304 1518 meis
2337 1473 2482 1519 michi
2519 1475 2568 1519 in

642 1572 926 1626 perpetuum
955 1562 1224 1611 successuris
1258 1565 1327 1610 ita
1360 1562 1508 1609 libere
1543 1568 1593 1608 et
1629 1562 1791 1622 quiete
1826 1561 2039 1623 plenarie
2074 1568 2125 1609 et
2158 1563 2418 1611 honorifice
2448 1563 2568 1611 ficut

642 1655 799 1716 aliqua
822 1656 988 1701 domus
1011 1654 1250 1716 religionis
1274 1655 1323 1699 in
1349 1660 1452 1700 toto
1476 1669 1622 1714 regno
1656 1653 1716 1699 ab
1751 1652 1909 1712 aliquo
1940 1653 2115 1700 barone
2138 1653 2334 1701 liberius
2357 1661 2494 1702 tenet
2518 1664 2568 1702 et

641 1747 847 1805 quietius
882 1745 1121 1806 plenarius
1163 1751 1212 1790 et
1252 1744 1640 1791 honorificentius
1710 1742 1819 1789 Hiis
1854 1742 2058 1790 testibus
2091 1743 2314 1792 Johanne
2349 1745 2567 1808 episcopo

642 1836 956 1882 Dunkelden‘s‘
993 1836 1206 1882 Roberto
1235 1835 1293 1881 de
1322 1834 1525 1896 Berclay
1559 1833 1770 1896 Hugone
1799 1835 1858 1881 de
1897 1833 2113 1881 Kaleder
2142 1836 2375 1889 macbeth
2402 1837 2569 1898 judice

642 1928 699 1973 de
733 1926 930 1987 Gouryn
971 1926 1184 1974 Galfrido
1219 1925 1464 1987 capellano
1505 1926 1564 1972 de
1606 1925 1754 1971 Perth
1793 1924 2048 1972 Willelmo
2083 1925 2255 1973 clerico
2296 1927 2355 1973 de
2402 1926 2569 1974 Forfar

642 2017 852 2064 Henrico
878 2017 1122 2078 capellano
1142 2017 1331 2078 Philipo
1355 2016 1521 2062 vnieth
1544 2015 1576 2062 J
1579 2016 1727 2063 acobo
1752 2016 1811 2062 de
1836 2015 1986 2062 Perth
2017 2014 2218 2064 Andrea
2239 2022 2291 2064 et
2314 2016 2567 2065 Willelmo

641 2109 862 2154 fratribus
904 2105 1110 2168 ejusdem
1153 2107 1368 2155 Galfrido
1401 2107 1500 2153 filio
1539 2108 1733 2153 martini
1775 2105 1935 2154 Dauid
1977 2112 2028 2153 et
2069 2106 2282 2154 Henrico
2317 2107 2428 2155 filiis
2465 2109 2567 2155 eius

644 2198 861 2245 VValtero
886 2199 944 2244 de
970 2198 1142 2245 Sanflw
1167 2197 1420 2244 Edmundo
1445 2204 1495 2244 et
1517 2197 1684 2244 multis
1708 2197 1825 2244 aliis.

646 2379 954 2425 Confirmatio
979 2378 1216 2425 Willelmi
1241 2378 1386 2442 Regis
1410 2380 1469 2426 de
1494 2387 1619 2426 terra
1644 2380 1703 2426 de
1728 2380 2093 2442 Ahenepobbel.

646 2543 940 2605 Willelmus
973 2560 1049 2606 dei
1081 2561 1234 2621 gratia
1256 2559 1364 2606 Rex
1387 2559 1638 2606 Scotorum
1663 2562 1882 2608 omnibus
1917 2562 2076 2624 probis
2110 2562 2383 2608 hominibus
2418 2563 2567 2609 totius

644 2657 769 2696 terre
791 2648 872 2696 sue
905 2650 1087 2696 clericis
1110 2657 1161 2697 et
1183 2650 1315 2697 laicis
1338 2649 1539 2697 salutem
1567 2663 1570 2666 ’
1608 2651 1774 2698 Sciant
1807 2651 2051 2714 presentes
2079 2658 2130 2699 et
2157 2652 2309 2699 futuri
2343 2668 2422 2700 me
2455 2669 2567 2700 con-

645 2737 816 2787 ceffiss'e
838 2746 889 2786 et
910 2741 999 2787 hac
1022 2747 1153 2788 carta
1174 2755 1281 2787 mea
1302 2739 1590 2788 confirmasse
1615 2741 1720 2788 Deo
1745 2749 1794 2789 et
1818 2740 2015 2794 ecclesie
2037 2742 2200 2790 Sanffi
2225 2742 2482 2790 Michaelis
2506 2745 2566 2790 de

645 2830 770 2877 Scon
811 2838 861 2877 et
900 2832 1138 2877 canonicis
1179 2831 1355 2878 ibidem
1391 2831 1496 2877 Deo
1535 2830 1850 2880 seruientibus
1897 2834 2206 2882 donationem
2246 2834 2379 2881 illam
2419 2850 2563 2896 quam

646 2920 833 2968 Suanus
851 2921 975 2968 filius
992 2921 1135 2968 Thori
1159 2922 1227 2968 eis
1250 2922 1365 2969 fecit
1388 2922 1447 2968 de
1470 2928 1595 2969 terra
1619 2923 1678 2969 de
1697 2923 2047 2986 Ahenepobbel
2070 2940 2156 2987 per
2178 2924 2367 2973 easdem
2392 2925 2564 2973 diuisas

645 3026 728 3071 per
750 3027 864 3071 quas
879 3012 1119 3058 Robertus
1138 3012 1411 3073 capellanus
1433 3012 1564 3059 illam
1589 3016 1747 3060 tenuit
1764 3022 1814 3061 et
1829 3030 1976 3066 vnum
1995 3016 2173 3063 toftum
2201 3018 2251 3062 in
2268 3016 2565 3064 Tubermure

647 3108 697 3147 et
735 3107 922 3162 pratum
962 3103 1087 3162 quod
1127 3099 1197 3149 est
1235 3101 1374 3164 super
1411 3103 1655 3150 lochethin
1696 3120 1806 3151 cum
1845 3107 2086 3153 communi
2132 3104 2323 3168 pastura
2365 3112 2417 3154 et
2459 3107 2564 3154 aliis

648 3188 914 3239 afiamentis
941 3190 1060 3239 ficut
1082 3194 1132 3239 in
1155 3199 1287 3241 carta
1309 3192 1518 3240 eiusdem
1542 3192 1690 3241 Suani
1713 3197 1988 3243 continetur
2053 3194 2256 3244 Tene'nd
2284 3198 2335 3244 in
2363 3196 2563 3245 liberam

654 3285 705 3327 et
726 3288 1007 3342 perpetuam
1041 3280 1333 3332 elimofinam
1367 3284 1437 3331 ita
1469 3283 1617 3331 libere
1650 3286 1813 3345 quiete
1845 3286 2057 3348 plenarie
2079 3293 2130 3335 et
2152 3287 2412 3335 honorifice
2442 3285 2562 3335 ficut
