2982 4016
341 2595 402 2641 90

448 545 563 581 REG.
583 547 730 580 ALEX.
749 548 802 581 11.
1027 533 1076 581 S.
1112 530 1510 580 TRINITATIS
1545 530 1638 579 DE
1675 531 1871 581 SCON.
2330 542 2393 589 57

445 666 685 712 canonicis
708 666 888 712 ibidem
907 664 1013 713 Deo
1037 664 1358 714 seruientibus
1377 671 1426 713 et
1448 663 1694 712 seruituris
1712 666 1762 712 in
1779 670 2063 727 perpetuam
2081 665 2387 715 elemosinam

443 754 590 802 Saluo
613 753 812 802 struieio
837 756 1017 802 domini
1042 755 1190 819 Regis
1213 772 1299 818 pro
1322 754 1477 804 salute
1499 758 1659 805 anime
1675 772 1784 804 mee
1807 762 1986 805 terram
2008 757 2141 805 illam
2160 759 2219 805 de
2238 758 2387 806 Perth

438 845 620 894 scilieet
648 848 846 895 hotham
871 862 1014 908 quam
1039 849 1135 895 emi
1159 848 1219 895 de
1242 847 1427 896 Thoma
1448 848 1548 896 filio
1573 848 1782 897 Gilberti
1805 850 1943 911 parui
1966 865 2060 911 que
2084 847 2155 897 est
2178 866 2240 897 ex
2264 852 2386 898 ocei-

441 939 623 986 dentali
646 945 783 1001 parte
806 945 934 986 terre
960 939 1139 1001 Rogeri
1164 939 1204 986 F
1205 940 1383 987 urbarii
1405 941 1456 987 in
1479 955 1655 1003 magno
1679 941 1784 988 vieo
1803 957 1865 988 ex
1888 941 2152 1003 aquilonari
2174 948 2312 1004 parte
2335 950 2387 990 et

440 1036 617 1077 terram
641 1030 784 1077 aliam
809 1031 859 1077 in
883 1031 1052 1077 eodem
1088 1031 1193 1077 vico
1217 1047 1311 1092 que
1335 1032 1428 1079 fuit
1463 1031 1665 1079 Roberti
1689 1032 1966 1080 Gurlewald
1990 1048 2133 1094 quam
2155 1034 2301 1081 habui
2325 1035 2384 1081 de

439 1119 539 1168 filio
581 1121 783 1170 Roberti
829 1123 889 1169 de
927 1121 1078 1168 Perth
1123 1121 1257 1169 illam
1302 1120 1484 1171 scilieet
1531 1129 1708 1171 terram
1750 1139 1894 1185 quam
1940 1125 2050 1172 dedi
2096 1126 2157 1173 ad
2194 1125 2381 1173 firmam

439 1213 639 1275 Symoni
678 1212 860 1261 Taillur
927 1211 1048 1260 Istas
1085 1218 1249 1260 autem
1286 1220 1438 1262 terras
1477 1215 1624 1262 miehi
1669 1216 1854 1262 retineo
1894 1216 1945 1262 in
1982 1217 2083 1264 vita
2115 1231 2224 1264 mea
2259 1218 2381 1265 dabo

438 1311 601 1351 autem
625 1305 875 1351 annuatim
900 1303 1007 1351 Deo
1032 1312 1082 1351 et
1105 1305 1330 1366 prediffls
1364 1306 1605 1353 canonicis
1628 1307 1680 1352 in
1713 1304 1834 1352 festo
1857 1304 2016 1371 fauete
2041 1308 2274 1355 trinitatis
2297 1307 2382 1356 sex

427 1396 656 1443 ..denarios
724 1393 837 1441 Post
859 1401 1066 1442 mortem
1089 1401 1253 1443 autem
1287 1411 1446 1443 meam
1481 1397 1701 1444 canonici
1728 1397 1936 1458 prefatas
1971 1403 2123 1445 terras
2146 1406 2379 1461 perpetuo

436 1487 645 1534 habeant
670 1493 719 1533 et
742 1483 1008 1548 poflideant
1076 1485 1144 1534 Et
1178 1489 1229 1534 in
1260 1487 1403 1549 hujus
1427 1488 1698 1535 donationis
1721 1485 2050 1534 testimonium
2074 1489 2186 1536 huie
2207 1488 2382 1552 scripto

435 1576 642 1641 sigillum
687 1594 851 1625 meum
892 1585 943 1626 et
988 1576 1198 1642 figillum
1237 1594 1443 1626 comune
1489 1580 1550 1626 de
1589 1578 1739 1625 Perth
1785 1581 1960 1641 apponi
2005 1580 2098 1627 feei
2187 1581 2381 1628 Terram

435 1672 583 1718 etiam
622 1671 756 1719 illam
797 1687 941 1732 quam
981 1670 1170 1719 Alanus
1206 1672 1266 1719 de
1298 1671 1541 1720 Galwaith
1577 1672 1772 1718 domino
1806 1670 2060 1720 Willelmo
2095 1673 2156 1720 de
2191 1673 2297 1720 Len
2333 1681 2382 1720 et

435 1763 581 1810 miehi
605 1761 831 1811 concessit
855 1764 906 1810 in
930 1764 1045 1811 villa
1068 1764 1128 1811 de
1153 1763 1304 1810 Perth
1326 1763 1525 1825 prefatis
1549 1763 1789 1810 canonicis
1814 1764 2026 1824 quietam
2050 1764 2205 1812 clamo
2270 1765 2381 1812 I-liis

434 1853 636 1902 testibus
661 1856 854 1902 domino
874 1855 983 1903 Elia
1001 1854 1201 1911 Deeano
1221 1856 1280 1903 de
1299 1855 1450 1902 Perth
1474 1854 1665 1918 Rogero
1684 1855 1744 1902 de
1769 1854 1950 1917 Dunyn
1974 1855 2146 1903 elerico
2166 1855 2380 1904 Henrieo

434 1946 533 1993 filio
559 1947 765 1995 Galfridi
799 1947 1023 1995 Johanne
1058 1948 1119 1995 de
1152 1946 1295 1995 Bello
1328 1947 1361 1994 J
1365 1948 1553 1995 ohanne
1586 1947 1685 1994 filio
1720 1945 1856 1994 Lene
1891 1945 2095 1994 Osberto
2131 1954 2182 1994 et
2217 1947 2377 1995 Alano

435 2037 713 2087 Rusebarde
738 2039 991 2087 Willelmo
1028 2040 1087 2086 de
1111 2039 1291 2086 Dunde
1314 2036 1558 2090 michaele
1591 2038 1690 2085 filio
1716 2037 1929 2086 Serlonis
1954 2037 2207 2086 Willelmo
2239 2039 2379 2088 Tine-

435 2137 540 2179 tore
573 2130 796 2179 Johanne
832 2131 1003 2194 Cokyn
1039 2131 1254 2179 Roberto
1287 2131 1347 2178 de
1372 2130 1522 2178 Perth
1547 2130 1769 2178 Waltero
1805 2136 1856 2178 et
1886 2129 2103 2178 Roberto
2137 2131 2249 2178 filiis
2282 2130 2377 2179 suis

435 2223 620 2270 Thoma
641 2223 740 2270 filio
764 2223 974 2271 Gilberti
1004 2223 1149 2270 Parui
1173 2229 1225 2270 et
1247 2222 1416 2270 multis
1445 2223 1562 2270 aliis.

435 2406 581 2454 Carta
605 2407 638 2454 J
640 2407 840 2454 ohannis
863 2407 950 2454 filii
974 2406 1176 2454 Davidis
1200 2407 1260 2454 de
1284 2406 1435 2453 Perth
1460 2406 1640 2461 deuna
1662 2411 1857 2467 pareata
1882 2411 2025 2453 terre.

438 2575 646 2640 Notum
669 2588 728 2637 fit
747 2590 968 2637 omnibus
985 2590 1076 2637 hoe
1094 2588 1324 2651 seriptum
1342 2586 1508 2635 visuris
1527 2587 1604 2635 vel
1627 2589 1862 2636 audituris
1881 2589 2009 2649 quod
2027 2604 2116 2651 ego
2133 2589 2165 2636 J
2169 2590 2380 2637 ohannes

434 2684 561 2731 filius
585 2683 746 2730 Dauid
786 2683 846 2729 (16
887 2682 1038 2729 Perth
1075 2682 1184 2728 dedi
1224 2687 1274 2729 et
1313 2678 1518 2730 concessi
1542 2688 1593 2729 et
1627 2684 1841 2744 quietam
1876 2682 2079 2730 clamavi
2102 2699 2249 2730 unam
2272 2700 2378 2745 par-

436 2783 593 2824 eatam
616 2780 743 2822 terre
766 2789 859 2835 que
883 2771 954 2820 est
975 2774 1115 2832 iuxta
1137 2780 1315 2821 terram
1337 2773 1549 2822 Baldriei
1573 2775 1632 2822 de
1657 2775 1773 2822 Cars
1803 2773 1985 2822 seilicet
2009 2790 2070 2822 ex
2095 2776 2379 2822 occidentali

435 2874 572 2930 parte
598 2866 704 2914 Deo
741 2871 792 2913 et
827 2862 1024 2913 eeclefie
1059 2863 1220 2913 fauete
1255 2866 1486 2913 trinitatis
1511 2866 1571 2913 de
1596 2865 1755 2914 Seona
1777 2871 1827 2912 et
1850 2865 2035 2913 Abbati
2067 2871 2117 2913 et
2140 2867 2378 2913 canonicis

435 2960 615 3007 ibidem
652 2958 758 3005 Deo
797 2955 1117 3004 seruientibus
1141 2963 1194 3004 etv
1229 2955 1477 3004 seruitutis
1506 2973 1592 3019 pro
1626 2972 1724 3005 una
1756 2962 1893 3019 petra
1926 2972 2034 3004 cere
2065 2972 2207 3018 quam
2242 2963 2379 3018 pater

435 3067 571 3099 meus
595 3056 646 3097 et
668 3054 825 3096 mater
845 3063 955 3096 mea
972 3050 1129 3096 eidem
1148 3046 1346 3097 ecclesie
1363 3050 1414 3095 in
1431 3054 1715 3110 perpetuam
1738 3044 2043 3095 elemofinam
2066 3048 2126 3095 ad
2144 3047 2378 3095 luminare

434 3143 620 3206 prefate
649 3137 844 3188 ecelefie
869 3140 1105 3187 dederunt
1172 3140 1239 3187 Et
1273 3146 1330 3187 ut
1353 3140 1443 3187 hee
1467 3140 1660 3186 donatio
1684 3154 1793 3187 mea
1825 3136 1885 3186 fit
1908 3144 2012 3186 rata
2035 3145 2086 3186 et
2108 3137 2378 3187 inconeussa

436 3237 487 3283 in
509 3233 753 3298 perpetuis
787 3232 1082 3294 temporibus
1106 3232 1198 3279 feci
1221 3247 1426 3279 comune
1449 3228 1657 3294 figillum
1680 3230 1817 3293 burgi
1842 3228 1989 3277 nostri
2014 3231 2073 3278 de
2097 3230 2247 3278 Perth
2271 3247 2377 3293 pre-

434 3325 559 3375 senti
593 3324 767 3386 scripto
804 3324 978 3386 apponi
1011 3338 1170 3371 coram
1192 3323 1284 3370 hiis
1308 3320 1511 3370 testibus
1535 3321 1748 3370 Henrieo
1778 3322 1878 3369 filio
1914 3322 2119 3371 Galfridi
2143 3324 2378 3372 avunculo

1391 3419 1427 3452 Η
