2982 4016
394 479 508 512 1100.
534 478 680 511 MALc.
936 466 985 513 S.
1022 466 1416 517 TRINITATIS
1453 470 1545 517 DE
1580 471 1773 519 SCON.
2296 486 2323 531 7

391 601 546 642 totam
593 594 809 642 Scotiam
850 597 929 643 vbi
977 598 1063 644 eiis
1115 601 1266 661 magis
1312 607 1634 661 opportunum
1674 605 1820 650 fuerit
1866 606 1925 651 ad
1972 607 2319 656 edificationem

387 682 583 732 ecclefie
616 685 699 733 sue
737 687 796 733 de
831 687 960 735 Scon
995 695 1045 735 et
1081 690 1330 736 domorum
1353 690 1542 739 suarum
1578 700 1627 740 et
1662 694 1907 741 licentiam
1941 698 2157 757 capiendi
2193 699 2319 746 clau-

387 775 565 824 sturam
598 778 649 823 in
673 793 868 825 nemore
902 779 985 825 illo
1022 781 1148 840 quod
1173 778 1242 826 est
1265 781 1392 827 inter
1416 782 1542 829 Scon
1567 790 1616 830 et
1635 785 1848 847 Gergille
1884 793 1933 832 et
1955 790 2145 834 natiuos
2167 789 2318 836 homi-

386 883 472 915 nes
496 874 734 915 terrarum
759 875 810 916 et
834 868 1138 917 ecclefiarum
1161 873 1480 932 preditam-um
1504 880 1555 921 et
1578 891 1742 921 eorum
1765 877 1887 923 filios
1911 884 2072 939 preter
2106 880 2211 926 illos
2236 883 2316 941 qui

387 976 416 1006 a
439 961 680 1007 canonicis
715 959 825 1021 ipfis
856 961 995 1008 liberi
1020 967 1070 1008 et
1094 963 1245 1022 quieti
1281 963 1474 1010 clamati
1509 964 1747 1027 legittime
1772 968 1831 1014 ab
1856 970 1923 1014 eis
1946 967 2231 1017 reeefferunt
2267 978 2316 1017 et

388 1050 634 1098 licentiam
673 1052 880 1099 habendi
921 1053 1049 1113 apud
1090 1051 1218 1099 Scon
1258 1059 1357 1099 tres
1407 1054 1694 1118 [ministros]
1738 1074 1883 1105 vnum
1925 1061 2124 1115 fabrum,
2168 1078 2315 1108 vnum

386 1143 689 1205 pelliparium
724 1159 872 1189 vnum
907 1142 1116 1190 sutorem
1152 1145 1234 1204 qui
1269 1145 1384 1190 dum
1419 1147 1468 1192 in
1503 1149 1822 1207 predi8wrum
1855 1153 2190 1199 canonicorum
2214 1169 2317 1214 per-

386 1231 605 1281 steterint
645 1234 837 1281 seruitio
872 1251 1066 1281 omnem
1107 1235 1383 1282 libertatem
1427 1238 1637 1285 habeant
1679 1245 1729 1286 et
1770 1240 2159 1289 consuetudinem
2201 1260 2316 1306 quas

387 1325 602 1372 eiusdem
626 1328 757 1372 modi
791 1323 994 1372 ministri
1029 1327 1203 1373 melius
1227 1327 1408 1373 habent
1442 1328 1492 1373 in
1522 1329 1673 1391 burgo
1696 1345 1804 1377 meo
1829 1332 1887 1378 de
1913 1331 2028 1378 Pert
2063 1339 2112 1379 et
2137 1349 2196 1380 ex
2227 1333 2317 1380 fin-

385 1418 510 1479 gulis
535 1420 702 1464 aratris
739 1419 888 1464 totius
911 1423 1039 1464 terre
1062 1418 1247 1479 prefate
1272 1415 1466 1465 00010110
1489 1420 1548 1466 (10
1573 1419 1701 1466 8000
1724 1419 1832 1482 ipfis
1864 1424 2102 1469 canonicis
2124 1421 2316 1486 fingulis

386 1509 524 1554 annis
557 1524 642 1569 pro
666 1508 747 1554 suo
781 1509 1019 1555 coneueth
1044 1509 1102 1555 ad
1127 1506 1301 1555 festum
1334 1511 1549 1556 omnium
1572 1510 1838 1558 sanctorum
1871 1529 2012 1560 vnam
2045 1530 2237 1561 vaccam
2269 1522 2319 1562 et

386 1600 503 1646 duos
526 1615 693 1661 porcos
717 1606 768 1646 et
790 1607 999 1660 quatuor
1029 1600 1242 1647 clamnos
1266 1601 1417 1647 farine
1441 1606 1492 1647 et
1515 1601 1683 1648 decem
1706 1609 1866 1650 trauas
1900 1621 2052 1651 auene
2077 1612 2126 1651 et
2152 1607 2317 1653 decem

383 1691 584 1753 gallinas
618 1697 670 1738 et
705 1692 914 1738 ducenta
947 1708 1040 1738 oua
1084 1697 1135 1738 et
1171 1692 1337 1738 decem
1372 1692 1641 1752 manipulos
1679 1694 1983 1741 candelarum
2024 1702 2072 1742 et
2115 1704 2317 1756 quatuor

386 1789 658 1830 nummatas
691 1783 879 1830 fauonis
903 1789 955 1830 et
978 1784 1149 1845 viginti
1179 1784 1398 1830 dimidias
1431 1783 1581 1830 melas
1604 1783 1725 1831 casei
1794 1785 1898 1832 Nos
1922 1802 2034 1832 uero
2066 1789 2125 1833 ad
2158 1789 2304 1834 hono-

385 1889 487 1921 rem
513 1874 606 1921 Dei
639 1891 725 1936 pro
762 1873 920 1922 nostra
954 1875 1316 1935 animarumque
1351 1873 1693 1922 antecessorum
1729 1875 1993 1922 nostrorum
2028 1876 2179 1924 salute
2213 1894 2317 1939 pre-

387 1966 523 2012 diezis
559 1964 756 2013 ecclesie
793 1964 1005 2027 ejusdem
1029 1966 1167 2012 bonis
1189 1966 1279 2012 hec
1303 1966 1571 2012 addidimus
1606 1967 1839 2013 decimam
1863 1968 2090 2014 frumenti
2115 1970 2173 2015 de
2204 1969 2316 2015 For-

386 2058 541 2119 grund
577 2062 626 2103 et
650 2054 685 2103 11
711 2056 962 2119 Forgrund
986 2057 1046 2103 ad
1069 2055 1318 2103 aliusmodi
1342 2057 1526 2103 firmam
1550 2054 1701 2118 pofita
1723 2058 1867 2104 fuerit
1890 2056 2107 2105 fimiliter
2130 2066 2178 2105 et
2205 2061 2314 2106 inde

386 2149 621 2195 decimam
656 2153 707 2194 et
742 2148 1130 2194 communionem
1164 2147 1326 2209 pascui
1354 2145 1464 2209 ipfis
1488 2150 1726 2195 canonicis
1761 2155 1811 2196 et
1847 2165 2010 2195 eorum
2045 2150 2315 2197 hominibus

387 2254 497 2285 cum
519 2239 794 2285 hominibus
817 2239 935 2284 meis
958 2254 1044 2299 per
1065 2240 1279 2286 maneria
1312 2255 1419 2286 mea
1444 2240 1730 2300 vbicumque
1754 2255 1919 2287 eorum
1946 2246 2069 2286 terre
2093 2242 2316 2287 maneriis

384 2331 504 2376 meis
527 2329 691 2375 affines
715 2329 895 2375 fuerint
921 2328 1064 2375 Hanc
1088 2330 1235 2376 etiam
1253 2345 1363 2376 cum
1386 2330 1609 2390 predictis
1633 2331 1700 2377 eis
1719 2331 2022 2378 concedimus
2040 2331 2315 2378 libertatem

384 2425 439 2466 vt
462 2419 623 2465 nullus
646 2418 785 2480 super
808 2435 972 2465 eorum
996 2420 1212 2466 homines
1237 2425 1287 2467 et
1310 2427 1462 2467 terras
1496 2421 1737 2467 coneueth
1771 2420 2024 2482 aliquando
2049 2423 2204 2482 capiat
2228 2419 2313 2468 nifi

383 2526 469 2572 per
502 2511 748 2578 licentiam
782 2509 991 2571 ipsorum
1027 2493 1364 2558 canonicorum
1433 2510 1675 2558 Volumus
1709 2513 1871 2572 itaque
1905 2518 1955 2558 et
1978 2512 2179 2558 firmiter
2210 2528 2314 2573 pre-

385 2603 587 2663 cipimus
620 2607 677 2648 ut
700 2602 886 2662 prefata
909 2599 1106 2649 00010110
1129 2602 1189 2649 de
1214 2602 1341 2649 8000
1365 2599 1585 2649 000101103
1619 2608 1768 2649 101103
1803 2603 1918 2649 01103
1941 2599 2234 2663 poss‘essiones
2263 2608 2313 2649 et

383 2693 598 2739 redditus
622 2698 672 2739 et
695 2692 943 2739 libertates
976 2692 1185 2753 prefatas
1210 2708 1375 2739 omnes
1410 2689 1700 2739 inconcussas
1724 2698 1774 2738 et
1797 2693 2004 2739 illibatas
2028 2693 2236 2753 plenarie
2259 2695 2311 2738 in

384 2787 671 2844 perpetuum
705 2779 969 2844 poffideant
993 2784 1063 2830 ita
1085 2783 1235 2830 libere
1259 2789 1310 2830 et
1333 2784 1496 2844 quiete
1519 2783 1588 2828 ita
1609 2782 1866 2828 honorifice
1890 2787 1939 2828 et
1967 2782 2160 2842 pacifice
2188 2779 2307 2827 ficut

385 2873 545 2934 aliqua
567 2870 764 2920 eeclefia
785 2874 836 2919 in
859 2878 988 2920 terra
1015 2889 1124 2921 mea
1156 2873 1390 2921 beneficia
1410 2872 1494 2920 sua
1515 2873 1708 2936 liberius
1732 2877 1781 2919 et
1806 2873 2012 2932 quietius
2045 2872 2231 2932 plenius
2256 2877 2306 2917 et

385 2964 557 3011 melius
602 2963 930 3025 pacificentius
975 2970 1032 3011 et
1051 2963 1460 3011 honorificentius
1497 2964 1685 3010 obtinet
1729 2968 1779 3009 et
1825 2959 2024 3023 poffidet
2090 2959 2305 3007 Testibus

386 3053 938 3115 subscriptisWillelmo
972 3054 1120 3101 fratre
1142 3055 1266 3117 regis
1290 3054 1495 3101 Ricardo
1519 3053 1668 3100 electo
1705 3051 2040 3098 Sanffiandree
2075 3050 2304 3112 Gregorio

387 3144 604 3207 episeopo
629 3144 688 3191 de
713 3143 1007 3191 Dunkelden
1037 3143 1235 3191 Andrea
1257 3143 1474 3206 episcopo
1498 3144 1557 3189 de
1587 3142 1809 3188 Cateneis
1833 3141 2062 3202 Gregorio
2087 3140 2302 3202 episcopo

388 3237 448 3283 de
483 3236 582 3282 Ros
622 3235 838 3282 Galfrido
872 3235 1044 3282 abbate
1079 3235 1138 3282 de
1175 3234 1483 3281 Dunfermlin
1518 3232 1767 3278 Willelmo
1807 3231 1981 3278 abbate
2021 3232 2080 3277 de
2122 3231 2303 3278 Melros

388 3324 591 3374 otberto
633 3326 807 3373 abbate
849 3325 909 3372 de
951 3325 986 3372 J
988 3326 1094 3373 edd.
1129 3324 1254 3372 Alfr.
1297 3325 1471 3372 abbate
1516 3324 1575 3369 de
1616 3321 1849 3368 Striuelin
1892 3320 2111 3368 Waltero
2151 3322 2304 3382 priore
