3054 4042
465 534 579 569 Rae.
600 517 833 568 DAvm‘n.
1000 523 1066 570 S.
1099 521 1495 572 TRINITATIS
1531 525 1625 573 DE
1661 527 1854 576 SCON.
2305 543 2394 589 109

462 740 608 789 Carta
631 741 856 804 Symonis
879 742 1066 790 abbatis
1090 740 1323 806 Magistro
1346 743 1544 792 Andree
1567 747 1628 793 de
1652 747 1910 811 Striuelyn.

332 917 437 963 149·
466 907 721 972 Omnibus
743 925 867 973 hanc
890 930 1073 972 cartam
1095 923 1262 972 visuris
1285 926 1363 972 vel
1386 927 1618 974 audituris
1643 927 1824 990 Symon
1847 931 1922 978 dei
1945 933 2104 994 gracia
2136 933 2304 983 Abbas
2337 938 2397 985 de
2419 952 2421 954 ’

460 1013 619 1061 Scona
635 1020 686 1062 et
708 1013 919 1077 ejusdem
938 1015 1030 1063 loci
1048 1021 1314 1063 conventus
1338 1021 1555 1064 eternam
1572 1019 1624 1064 in
1641 1019 1833 1066 domino
1849 1020 2051 1070 salutem
2068 1023 2274 1073 Noverit
2290 1029 2397 1074 uni-

459 1102 654 1153 versitas
677 1103 833 1154 vestra
855 1121 942 1153 nos
966 1107 1026 1153 de
1048 1107 1265 1154 unanimi
1298 1105 1527 1154 consensu
1560 1114 1610 1155 et
1645 1106 1824 1157 assensu
1859 1113 2007 1159 totius
2031 1115 2226 1176 capituli
2250 1116 2395 1165 nostri

455 1194 675 1244 affedafl'e
693 1203 743 1243 et
761 1198 823 1244 ad
840 1196 1027 1244 firmam
1046 1195 1264 1245 dimififl'e
1281 1195 1506 1260 magistro
1524 1197 1720 1246 Andree
1739 1200 1798 1247 de
1816 1200 2060 1265 Striuelyn
2078 1220 2163 1266 pro
2180 1212 2394 1270 tempore

456 1287 555 1333 vite
578 1286 660 1334 sue
683 1293 839 1335 totam
872 1293 1050 1335 terram
1083 1286 1293 1335 nostram
1316 1289 1377 1336 de
1401 1286 1708 1336 Girsmerand
1739 1307 1849 1338 cum
1881 1294 2102 1342 omnibus
2132 1295 2226 1343 suis
2255 1300 2393 1346 rectis

456 1375 614 1425 divifis
638 1379 1061 1426 commoditatibus
1086 1384 1137 1426 et
1160 1376 1462 1441 ayfiamentis
1486 1381 1547 1427 ad
1570 1381 1744 1428 dictam
1766 1387 1943 1429 terram
1971 1383 2290 1445 spedzantibus
2313 1388 2395 1436 seu

456 1469 515 1515 de
542 1469 651 1529 jure
674 1467 884 1530 spectare
908 1470 1180 1517 valentibus
1204 1486 1233 1517 a
1255 1467 1373 1517 festo
1396 1469 1544 1518 saneti
1577 1473 1770 1519 martini
1805 1474 1855 1519 in
1890 1488 2028 1535 yeme
2062 1475 2209 1522 Anno
2242 1481 2394 1539 gratie

455 1556 530 1609 02⁰
553 1563 653 1606 ccco
676 1557 897 1607 vicefimo
931 1559 1068 1608 sexto
1104 1561 1319 1609 Solvend
1353 1562 1568 1623 quolibet
1599 1578 1724 1609 anno
1756 1565 1966 1625 quinque
1999 1581 2179 1614 marcas
2212 1566 2396 1616 sterlin-

455 1666 624 1713 gorum
662 1652 723 1698 ad
763 1652 883 1699 duos
922 1650 1050 1699 anni*
1074 1654 1307 1700 terminos
1330 1653 1558 1700 videlicet
1580 1655 1892 1701 medietatem
1927 1657 1986 1702 ad
2019 1654 2190 1704 festum
2222 1658 2396 1708 Pente-

457 1739 607 1789 costes
623 1747 673 1789 et
688 1742 831 1790 aliam
848 1744 1162 1791 medietatem
1175 1744 1236 1791 ad
1253 1743 1427 1791 festum
1442 1743 1589 1792 sancti
1605 1744 1809 1792 Martini
1827 1747 1876 1792 in
1892 1749 2032 1810 yeme
2047 1753 2097 1795 et
2114 1746 2177 1796 fic
2193 1750 2252 1797 de
2270 1766 2394 1798 anno

456 1834 507 1880 in
542 1849 722 1880 annum
754 1840 805 1881 et
840 1835 900 1881 de
933 1836 1141 1881 termino
1175 1836 1227 1881 in
1260 1837 1523 1882 terminum
1545 1834 1693 1897 usque
1717 1837 1777 1884 ad
1799 1839 2058 1884 terminum
2082 1840 2182 1886 vite
2204 1838 2285 1887 sue
2307 1839 2394 1887 nifi

457 1924 584 1994 quod
608 1922 736 1972 abfit
754 1926 1043 1987 impotentia
1075 1924 1159 1973 sua
1188 1925 1516 1988 supervenerit
1539 1926 1607 1973 Et
1639 1928 1790 1974 dictus
1813 1926 2034 1990 magister
2056 1928 2274 1978 Andreas
2297 1948 2393 1978 non

458 2011 686 2062 affedabit
710 2016 885 2063 diEtam
908 2024 1087 2064 terram
1122 2016 1200 2064 vel
1223 2017 1433 2078 aliquam
1456 2024 1643 2079 partem
1666 2016 1876 2078 ejusdem
1899 2019 2040 2066 alicui
2062 2018 2112 2068 se
2134 2024 2392 2082 potentiori

459 2105 548 2153 Set
577 2107 782 2154 eandem
815 2112 993 2154 terram
1028 2123 1139 2154 cum
1173 2108 1477 2169 pertinentiis
1511 2109 1707 2170 pacifice
1740 2106 1991 2170 poffidebit
2025 2116 2076 2157 et
2108 2111 2394 2160 inhabitabit

460 2196 526 2243 Et
549 2198 678 2243 idem
711 2195 934 2260 magister
966 2197 1189 2246 Andreas
1221 2204 1272 2245 et
1305 2199 1525 2247 homines
1548 2198 1620 2246 sui
1651 2199 1825 2247 dictam
1860 2206 2036 2248 terram
2070 2202 2394 2249 inhabitantes

459 2286 646 2334 solvent
668 2288 945 2338 molendino
970 2290 1029 2336 de
1063 2287 1372 2351 kyncarauch
1391 2288 1582 2338 sextum
1606 2291 1844 2338 decimum
1878 2306 1960 2338 vas
1994 2292 2053 2338 de
2087 2293 2218 2338 omni
2250 2308 2395 2355 grano

460 2376 702 2427 crescente
744 2380 797 2426 in
837 2380 1006 2427 eadem
1045 2379 1122 2427 De
1159 2380 1313 2428 bladis
1350 2396 1464 2428 vero
1499 2397 1586 2443 per
1630 2379 1783 2443 ipsum
1829 2379 2104 2444 magistrum
2149 2382 2395 2431 Andream

460 2470 667 2517 venditis
689 2469 929 2532 persolvet
952 2471 1310 2520 molendinariis
1334 2472 1446 2519 diffisi
1468 2472 1732 2519 molendini
1756 2470 2032 2519 vicefimum
2055 2488 2136 2520 vas
2160 2478 2210 2520 et
2244 2474 2396 2521 dietus

459 2559 684 2624 magister
716 2561 938 2609 Andreas
972 2564 1135 2610 veniet
1169 2564 1230 2610 ad
1263 2564 1356 2610 tria
1389 2563 1567 2625 placita
1600 2563 1823 2625 capitalia
1845 2564 1958 2610 dieti
1982 2564 2166 2611 abbatis
2201 2570 2252 2611 et
2286 2581 2396 2612 con-

461 2657 646 2699 ventus.
706 2651 944 2700 Homines
962 2669 1073 2701 vero
1091 2653 1162 2700 sui
1180 2654 1360 2701 facient
1382 2655 1443 2701 ad
1466 2655 1647 2702 curiam
1671 2655 1852 2700 domini
1871 2653 2080 2701 Abbatis
2104 2653 2223 2701 ficut
2247 2658 2393 2702 ceteri

464 2740 697 2790 husbandi
719 2743 903 2791 faciunt
926 2750 977 2792 et
999 2742 1127 2791 salvo
1151 2745 1361 2791 dominio
1391 2743 1518 2792 (11ἂο
1540 2744 1725 2792 Abbati
1749 2751 1800 2792 et
1822 2746 2080 2792 conventui
2102 2746 2152 2791 in
2176 2746 2391 2791 omnibus

465 2834 526 2880 In
562 2834 711 2895 cujus
734 2834 827 2881 Rei
862 2832 1189 2883 testimonium
1224 2835 1447 2899 Sigillum
1489 2851 1743 2883 commune
1779 2836 1889 2882 diffi
1926 2835 2122 2896 capituli
2155 2832 2298 2881 nostri
2333 2836 2390 2881 de

466 2925 624 2972 Scona
645 2922 715 2972 est
737 2924 1011 2987 appensum.
1490 2901 1506 2914 ’ἱ

466 3106 776 3154 Confirmatio
802 3106 1001 3157 Davidis
1025 3107 1173 3170 Regis
1201 3107 1346 3155 Carte
1370 3108 1570 3156 Roberti
1594 3108 1753 3169 Regis,

334 3295 441 3338 150.
469 3272 650 3338 David
690 3290 767 3342 dei
811 3290 965 3352 gratia
1004 3289 1131 3338 Rex·
1161 3290 1441 3338 Scottorum
1477 3287 1712 3336 Omnibus
1741 3287 1899 3348 probis
1931 3287 2203 3334 hominibus
2221 3288 2386 3350 *totius
