2982 4016
620 527 680 575 78
1291 508 1498 559 LIBER
1532 502 1861 554 ECCLESIE
2304 514 2404 548 ssc.
2430 514 2547 548 xm.

620 648 864 701 ecclesiam
897 656 1080 697 temere
1112 642 1390 708 perturbare
1429 644 1515 687 aut
1551 636 1654 699 ejus
1692 630 1992 698 pofl'effiones
2032 632 2221 681 auferre
2254 633 2332 680 vel
2366 632 2551 681 ablatas

619 744 825 792 retinere
841 741 1054 788 minuere
1070 735 1151 783 seu
1169 728 1455 795 quibussibet
1469 726 1803 775 vexationibus
1821 725 2022 787 fatigare
2079 722 2171 772 Set
2188 725 2350 772 omnia
2366 725 2556 787 integra

620 832 956 883 conserventur
983 841 1146 875 eorum
1173 839 1258 887 pro
1280 834 1481 884 quorum
1509 816 1856 881 gubernatione
1883 830 1938 862 ac
1965 812 2311 864 sustentatione
2343 811 2556 863 concessa

623 924 732 973 sunt
754 920 912 971 ufibus
947 916 1229 966 omnimodis
1262 913 1512 975 profutura
1567 906 1713 957 Salva
1744 904 1867 954 sedis
1901 903 2160 968 apostolice
2194 906 2480 954 aquritate
2503 911 2554 953 et

623 1011 883 1077 Dyooefimi
918 1006 1136 1071 Episcopi
1164 1005 1391 1054 canonica
1414 999 1613 1065 justicia
1663 998 1717 1045 Si
1751 1012 1846 1059 qua
1867 997 2015 1060 igitur
2036 997 2088 1044 in
2110 996 2329 1044 futurum
2364 994 2556 1045 ecclefi-

629 1104 771 1153 astica
791 1097 1065 1150 secularisve
1087 1095 1284 1160 persona
1306 1095 1428 1143 hanc
1462 1089 1621 1140 nostre
1643 1086 1996 1137 constitutionis
2024 1088 2248 1151 paginam
2270 1086 2423 1136 sciens
2445 1104 2559 1136 con-

623 1203 697 1243 tra
718 1209 823 1242 eam
846 1199 1027 1239 temere
1050 1188 1213 1236 venire
1236 1184 1548 1247 temptaverit
1571 1179 1778 1229 secundo
1802 1180 2010 1228 tertiove
2033 1180 2329 1227 commonita
2349 1177 2436 1227 nifi
2462 1179 2559 1227 Re-

623 1294 756 1334 atum
794 1282 930 1330 suum
968 1295 1178 1343 congrua
1215 1274 1531 1326 satisfafflone
1570 1271 1833 1320 correxerit
1872 1267 2123 1332 potestatis
2161 1268 2447 1332 honorisque
2487 1268 2558 1317 sui

623 1381 782 1424 careat
805 1374 1039 1437 dignitate
1062 1370 1310 1430 Reamque
1333 1366 1381 1415 se
1405 1367 1566 1413 divino
1580 1363 1765 1425 judicio
1783 1360 1989 1410 existere
2007 1362 2067 1409 de
2083 1367 2360 1424 perpetrata
2382 1362 2558 1423 iniqui-

625 1473 726 1515 tate
748 1462 999 1528 cognoscat
1032 1468 1083 1510 et
1106 1478 1135 1509 a
1156 1455 1459 1508 sacratiffimo
1493 1470 1688 1518 corpore
1712 1470 1768 1502 ac
1803 1452 2034 1517 sanguine
2067 1453 2146 1501 dei
2170 1459 2221 1501 et
2245 1454 2428 1503 domini
2467 1452 2560 1501 Re-

627 1557 885 1619 demptoris
907 1552 1050 1602 nostri
1074 1551 1204 1601 ihesu
1238 1549 1398 1599 christi
1433 1549 1588 1597 aliena
1611 1546 1696 1593 fiat
1718 1570 1730 1581 ·
1752 1551 1898 1606 atque
1921 1546 1973 1592 in
1996 1551 2215 1593 extremo
2238 1546 2462 1593 examine
2490 1546 2560 1592 di-

627 1648 783 1696 striae
798 1639 1027 1708 subjaciat
1044 1645 1221 1692 ulcioni
1246 1642 1443 1690 Cunffis
1466 1645 1630 1689 autem
1653 1637 1809 1684 eidem
1835 1635 1941 1684 loco
1958 1633 2042 1684 sua
2055 1637 2168 1699 jura
2185 1634 2483 1685 servantibus
2499 1634 2560 1684 fit

627 1754 718 1801 pax
744 1738 922 1784 domini
940 1733 1085 1783 nostri
1109 1732 1241 1782 ihesu
1258 1730 1419 1781 christi
1438 1732 1662 1794 quatinus
1681 1735 1732 1777 et
1754 1729 1832 1776 hic
1855 1728 2065 1776 fru&um
2089 1729 2216 1777 bone
2233 1729 2433 1776 actionis
2456 1745 2561 1791 per-

626 1830 803 1891 cipiant
821 1834 871 1875 et
894 1827 1019 1890 apud
1037 1823 1300 1873 districtum
1322 1823 1355 1871 J
1358 1824 1547 1871 udicem
1564 1822 1746 1885 premia
1769 1826 1937 1868 eterne
1959 1821 2090 1883 pacis
2113 1821 2364 1869 inveniant
2381 1819 2559 1867 Amen.

801 2009 905 2073 Ego
929 2008 1242 2056 Innocentius
1267 2006 1504 2055 catholice
1528 2000 1742 2052 Ecclefie
1766 2002 2042 2066 Episcopus.

802 2100 906 2163 Ego
929 2098 1201 2161 Stephanus
1229 2097 1323 2145 8ὂο
1347 2097 1506 2145 Marie
1529 2095 1856 2143 transtiberim
1879 2094 2011 2143 tituli
2036 2094 2119 2143 8ὄί
2147 2094 2332 2144 calixti
2355 2093 2587 2158 presbiter

934 2190 1197 2238 cardinalis.
1575 2243 1583 2254 ι

806 2281 911 2345 Ego
943 2282 1089 2329 frater
1120 2281 1152 2328 J
1155 2281 1364 2328 ohannes
1399 2278 1533 2326 tituli
1567 2278 1651 2326 8ὄί
1683 2277 1935 2341 Laurencij
1971 2279 2022 2324 in
2057 2277 2188 2326 luci'fi
2222 2276 2454 2340 presbiter
2488 2295 2588 2326 car-

873 2372 1055 2421 dinalis.

810 2464 914 2528 Ego
938 2465 1084 2512 frater
1106 2462 1252 2526 Hugo
1275 2462 1409 2510 tituli
1433 2462 1528 2510 Sce
1552 2459 1715 2509 sabine
1737 2458 1971 2523 presbiter
1993 2460 2259 2509 cardinalis.

640 2557 741 2620 Ego
765 2555 1037 2619 Raynaldus
1071 2554 1234 2601 ostien.
1259 2560 1309 2601 et
1332 2553 1579 2601 velletren.
1605 2552 1754 2615 Epiis.
1821 2552 1928 2616 Ego
1963 2552 2238 2623 Stephanus
2268 2551 2567 2614 prenestinus

639 2648 784 2710 Epiis.
852 2646 956 2709 Ego
979 2646 1211 2694 Ricardus
1234 2644 1316 2692 8ὄί
1339 2644 1518 2708 Angeli
1553 2645 1780 2692 diaconus
1803 2643 2072 2692 cardinalis.
2143 2643 2248 2706 Ego
2272 2643 2569 2692 Octauianus

639 2739 732 2787 8ὄο
755 2737 913 2786 Marie
935 2739 986 2784 in
1019 2738 1096 2785 via
1117 2737 1216 2784 lata
1238 2737 1462 2784 diaconus
1495 2735 1761 2784 cardinalis.
1830 2735 1936 2799 Ego
1971 2735 2146 2784 Petrus
2169 2735 2251 2783 8ὄί
2286 2735 2481 2799 Georgij
2505 2737 2566 2784 ad

639 2829 799 2876 velum
820 2828 1040 2876 Aureum
1064 2828 1289 2875 diaconus
1312 2827 1576 2875 cardinalis.
1644 2827 1751 2890 Ego
1772 2825 1926 2875 Johes
1949 2826 2032 2874 8ὄί
2058 2827 2285 2875 Nicholai
2308 2828 2359 2874 in
2382 2843 2571 2876 carcere

639 2919 858 2967 Tulliano
882 2920 1107 2967 diaconus
1131 2918 1395 2967 cardinalis.
1448 2918 1552 2981 Ego
1575 2918 1854 2966 Ottobonus
1878 2917 1961 2966 8ὄί
1984 2917 2190 2966 Adriani
2222 2919 2450 2967 diaconus
2472 2935 2572 2966 car-

643 3010 825 3058 dinalis.
894 3009 1007 3057 Dat.
1044 3009 1267 3058 Lateran.
1296 3025 1381 3071 per
1410 3025 1607 3057 manum
1630 3006 1787 3058 Guiffi
1819 3006 2031 3073 magistri
2055 3007 2323 3057 scholarum
2357 3025 2570 3071 parmen.

645 3102 736 3147 See
777 3099 993 3148 Romane
1026 3098 1222 3148 ecclefie
1255 3100 1630 3148 vicecancellarii
1695 3099 1915 3162 Septimo
1947 3099 2016 3147 kl.
2051 3100 2274 3162 februarij
2315 3100 2575 3148 indifflone

646 3192 712 3252 xij
737 3192 1074 3239 incarnacionis
1097 3192 1335 3239 dominice
1356 3191 1573 3254 m.cc.liij.
1608 3190 1916 3254 pontificatus
1950 3206 2063 3239 vero
2088 3192 2269 3239 domini
2303 3190 2570 3252 Innocentij

650 3296 770 3342 pape
794 3283 947 3343 quarti
970 3298 1093 3330 anno
1116 3283 1381 3331 undecimo.
