2982 4016
291 921 381 995 199

424 562 719 596 1111610111.
978 548 1026 595 S.
1062 547 1458 596 TRINITATIS
1494 547 1586 594 DE
1622 547 1817 595 SGON.
2294 552 2352 597 95

423 770 569 817 Carta
591 770 977 818 Confirmationis
1001 770 1202 818 Roberti
1227 771 1373 833 Regis
1396 769 1536 832 super
1558 770 1704 818 Carta
1728 769 1979 817 Malcolmi
2004 769 2163 831 Regis.

425 936 687 1000 Robertus
712 953 787 998 dei
810 953 963 1015 gratia
986 952 1096 999 Rex
1130 952 1405 999 Scottorum
1443 951 1679 999 Omnibus
1713 952 1877 1014 probis
1905 950 2176 998 hominibus
2211 950 2359 996 totius

423 1051 551 1091 terre
574 1042 656 1091 sue
680 1044 863 1091 clericis
888 1051 938 1091 et
960 1044 1094 1091 laicis
1116 1042 1319 1090 salutem
1344 1042 1517 1090 Sciatis
1541 1059 1627 1090 nos
1658 1041 1907 1105 inspexisse
1941 1048 1992 1090 et
2025 1058 2136 1090 cum
2170 1056 2360 1102 compe-

423 1137 551 1182 tenti
575 1135 920 1182 deliberatione
939 1136 1174 1182 veraciter
1191 1131 1477 1182 intellexisse
1492 1134 1687 1181 Cartam
1712 1135 1982 1182 venerande
2006 1134 2236 1181 memorie
2260 1131 2359 1179 Do-

423 1228 542 1273 mini
566 1226 818 1273 Malcolmi
842 1227 918 1272 dei
941 1227 1095 1288 gratia
1118 1225 1265 1287 Regis
1290 1224 1568 1271 Scottorum
1591 1223 1786 1271 illustris
1810 1226 1983 1272 factam
2000 1222 2228 1287 religiosis
2247 1226 2358 1270 viris

424 1317 609 1364 Abbati
655 1323 706 1364 et
746 1317 986 1363 canonicis
1029 1313 1311 1362 Monasterii
1344 1313 1504 1362 fauste
1537 1315 1786 1362 Trinitatis
1821 1322 1871 1362 et
1907 1316 2070 1363 Samffi
2106 1315 2359 1363 Michaelis

425 1408 719 1470 Archangeli
744 1409 803 1454 de
827 1407 985 1454 Scona
1006 1407 1186 1453 ibidem
1211 1407 1300 1452 deo
1324 1405 1640 1452 servientibus
1674 1411 1725 1452 et
1758 1407 2097 1468 inperpetuum
2119 1405 2361 1453 servituris

425 1516 523 1547 non
557 1499 786 1546 abolitam
816 1514 915 1544 non
950 1498 1264 1545 cancellatam
1297 1512 1387 1543 nec
1421 1497 1472 1542 in
1506 1496 1666 1556 aliqua
1686 1494 1756 1542 sui
1779 1502 1916 1558 parte
1950 1497 2174 1543 viciatam
2198 1498 2248 1544 in
2271 1498 2360 1544 hec

426 1591 571 1638 verba
597 1590 696 1652 [ᾃο.
725 1589 940 1653 utsupra
966 1587 1035 1649 5.]
1062 1588 1417 1649 Quamquidem
1441 1593 1622 1634 cartam
1646 1588 1696 1633 in
1721 1588 1941 1634 omnibus
1964 1589 2153 1649 punfiffis
2177 1593 2227 1634 et
2251 1590 2362 1634 arti-

426 1682 547 1729 culis
582 1679 955 1728 circumstanciis
979 1688 1029 1727 et
1053 1667 1407 1727 conditionibus
1441 1677 1534 1724 suis
1570 1679 1722 1725 forma
1754 1680 1933 1740 pariter
1967 1688 2017 1728 et
2051 1680 2222 1727 61166111
2258 1680 2363 1727 Nos

425 1775 587 1821 divine
610 1774 823 1820 caritatis
846 1773 1030 1818 intuitu
1053 1777 1104 1818 et
1127 1786 1212 1832 pro
1234 1769 1387 1817 salute
1412 1771 1571 1817 anime
1605 1767 1762 1817 nostre
1797 1787 1851 1817 ac
1875 1787 1961 1832 pro
1995 1770 2148 1818 salute
2182 1773 2361 1819 anima-

425 1881 534 1912 rum
557 1862 902 1912 antecessorum
925 1868 975 1910 et
997 1859 1310 1909 successorum
1332 1858 1599 1907 nostrorum
1623 1861 1814 1923 Regum
1849 1861 2013 1909 Scotie
2047 1863 2362 1924 approbamus

426 1957 718 2004 ‘ratificamus
741 1961 792 2002 et
816 1954 994 2002 eisdem
1016 1950 1245 2016 religiofis
1269 1959 1319 1999 et
1351 1968 1516 1999 eorum
1539 1950 1875 1999 successoribus
1898 1954 1950 2000 in
1973 1954 2172 2001 liberam
2195 1970 2362 2016 puram

428 2056 479 2096 et
512 2053 794 2111 perpetuam
829 2043 1137 2094 elemofinam
1176 2050 1346 2091 tenore
1385 2042 1617 2105 presentis
1652 2050 1782 2090 carte
1819 2042 1978 2092 nostre
2014 2061 2100 2106 pro
2139 2046 2278 2092 nobis
2313 2052 2363 2092 et

428 2141 683 2187 heredibus
713 2137 886 2185 nostris
908 2140 960 2184 in
987 2142 1275 2199 perpetuum
1301 2135 1638 2182 confirmamus
1675 2135 1818 2182 Salva
1850 2137 1987 2198 regni
2020 2134 2168 2183 nostri
2203 2137 2365 2184 defen-

428 2229 558 2278 fione
582 2231 812 2292 Exceptis
836 2236 999 2277 tamen
1023 2226 1243 2276 clausulis
1266 2227 1361 2273 illis
1395 2225 1721 2288 suprascriptis
1758 2243 1851 2288 que
1885 2227 2149 2289 loquuntur
2183 2229 2242 2275 de
2265 2228 2366 2290 pel-

430 2323 555 2370 libus
578 2323 740 2375 ovium
764 2328 816 2368 et
843 2336 1075 2384 agnorum
1099 2321 1159 2366 de
1182 2319 1322 2366 coriis
1346 2320 1495 2365 etiam
1528 2317 1639 2379 sepe
1663 2319 1809 2365 uncto
1832 2317 2061 2381 sanguine
2096 2325 2146 2366 et
2182 2320 2367 2367 decima

430 2415 566 2476 panis
590 2415 759 2460 domus
782 2413 931 2476 Regis
949 2417 1000 2459 et
1018 2412 1206 2474 Regine
1220 2426 1305 2472 pro
1324 2411 1496 2471 quibus
1515 2407 1783 2456 elemofinis
1807 2410 1988 2457 habent
2006 2417 2156 2458 terras
2175 2411 2234 2457 de
2252 2411 2368 2457 Blar

429 2508 480 2555 in
502 2506 910 2568 permutationem
945 2510 996 2551 et
1028 2500 1520 2564 recompensationem
1557 2502 1623 2548 Et
1659 2508 1864 2564 excepta
1902 2499 2119 2549 similiter
2158 2501 2368 2550 clausula

430 2598 515 2646 illa
538 2596 852 2660 suprascripta
882 2612 975 2658 que
1005 2595 1219 2657 loquitur
1253 2595 1312 2640 (16
1347 2594 1534 2641 decima
1567 2594 1810 2655 prebende
1843 2593 1994 2641 brasei
2018 2600 2068 2641 et
2092 2596 2197 2642 cani
2221 2596 2368 2641 corio-

431 2706 539 2737 rum
563 2695 614 2736 et
637 2689 879 2737 caseorum
910 2688 971 2735 de
1002 2693 1207 2748 quatuor
1228 2687 1452 2732 maneriis
1487 2686 1546 2732 de
1582 2685 1807 2747 Goveryn
1840 2684 2018 2732 scilicet
2053 2687 2113 2733 de
2148 2686 2275 2733 Scon
2310 2688 2368 2732 de

434 2782 595 2829 Cuber
625 2782 685 2827 de
710 2780 990 2842 Forgrunde
1024 2785 1076 2825 et
1110 2776 1433 2825 Strathardoll
1457 2777 1686 2837 quamdiu
1718 2777 2055 2823 tantummodo
2087 2778 2366 2838 thanagium

435 2871 495 2917 de
514 2869 642 2916 Scon
666 2869 793 2929 quod
817 2869 930 2915 dic-,i
952 2866 1158 2930 religiofi
1174 2870 1277 2930 jam
1295 2869 1477 2915 habent
1496 2884 1557 2915 ex
1581 2865 1876 2915 conceffione
1894 2865 2052 2915 nostra
2074 2870 2124 2914 in
2147 2868 2367 2914 manibus

434 2960 642 3023 ipsorum
677 2958 940 3022 perstiterit
976 2975 1062 3020 pro
1099 2975 1193 3021 qua
1229 2961 1415 3007 decima
1452 2960 1697 3021 percipere
1737 2957 2083 3005 consueverunt
2120 2960 2368 3005 annuatim

435 3051 618 3114 septem
642 3052 786 3098 libras
820 3052 926 3098 ofito
960 3049 1132 3097 solidos
1167 3057 1218 3098 et
1255 3051 1422 3098 decem
1459 3051 1674 3097 denarios
1712 3048 2046 3111 sterlingorum
2081 3065 2166 3110 per
2201 3026 2369 3097 manus

439 3143 754 3191 Vicecomitis
787 3143 846 3188 de
881 3141 1031 3188 Perth
1065 3141 1126 3187 In
1163 3143 1296 3203 cujus
1332 3143 1403 3188 rei
1438 3140 1766 3188 testimonium
1802 3138 2010 3201 presenti
2046 3146 2176 3187 carte
2212 3139 2370 3187 nostre

439 3233 646 3297 figillum
679 3231 893 3280 nostrum
927 3233 1215 3294 precipimus
1249 3234 1423 3294 apponi
1463 3230 1682 3278 Testibus
1714 3231 2065 3278 venerabilibus
2096 3233 2146 3278 in
2184 3230 2369 3278 Christo

439 3326 655 3388 patribus
674 3324 944 3371 Willielmo
967 3322 1000 3370 J
1003 3324 1190 3370 ohanne
1209 3322 1479 3370 Willielmo
1505 3322 1745 3370 Mauricio
1769 3327 1819 3368 et
1838 3321 2057 3369 Gilberto
2083 3322 2246 3370 Sanffi
2270 3322 2374 3368 An-
