2982 4016
684 460 743 502 14
1370 446 1576 494 LIBER
1611 439 1939 492 ECCLESIE
2383 452 2483 487 sac.
2508 453 2604 488 x11.

682 600 791 632 cum
816 599 907 631 vna
929 587 1148 630 carucata
1171 586 1295 626 terre
1332 574 1541 638 Fyngasc
1565 589 1674 622 cum
1699 588 1792 619 vna
1815 576 2037 619 carucata
2058 575 2186 617 terre
2211 569 2471 633 Duffortyn
2495 586 2607 619 cum

682 675 833 723 tribus
872 672 1103 721 carucatis
1147 669 1310 716 Kluen
1344 682 1453 714 cum
1488 666 1640 713 tribus
1679 662 1912 711 carucatis
1953 660 2052 723 Lyf
2086 675 2201 709 cum
2226 659 2311 709 sex
2350 663 2608 710 carrucatis

684 764 883 825 Grudyn
929 777 1037 809 cum
1091 761 1255 807 decem
1300 756 1554 804 carrucatis
1599 754 1959 815 Innergoueryn
2010 767 2122 799 cum
2171 752 2326 799 tribus
2375 754 2608 800 carucatis

688 855 911 914 Quinque
946 851 1067 898 tofta
1098 864 1241 896 vnum
1276 847 1401 908 apud
1426 844 1716 907 Edynburch
1752 843 1959 891 alterum
1982 842 2109 905 apud
2132 841 2380 905 Striuelyn
2402 843 2609 891 alterum

685 944 809 1006 apud
838 941 1153 989 Innerkethin
1186 938 1391 985 alterum
1421 936 1545 997 apud
1571 934 1717 982 Perth
1754 940 1804 980 et
1841 933 2049 981 alterum
2081 933 2211 995 apud
2242 932 2466 981 Abirdon
2498 933 2610 981 Duo

690 1035 830 1082 Retia
853 1031 989 1093 super
1009 1030 1108 1091 Tey
1130 1043 1280 1075 unum
1312 1027 1503 1073 illorum
1526 1026 1652 1087 apud
1675 1024 2040 1086 Kyncarrachin
2061 1030 2111 1071 et
2134 1023 2342 1071 alterum
2375 1026 2427 1071 in
2449 1023 2612 1072 Insula

688 1126 836 1187 Regis
859 1137 1002 1169 vnum
1019 1122 1143 1167 Rete
1161 1121 1210 1166 in
1227 1118 1374 1165 Forth
1392 1118 1517 1179 apud
1537 1115 1784 1177 Striuelyn
1807 1131 1979 1163 canum
2003 1123 2055 1162 et
2078 1113 2449 1163 consuetudines
2471 1116 2612 1163 mins

688 1216 822 1262 nauis
845 1211 1037 1275 singulis
1051 1212 1186 1259 annis
1204 1207 1323 1256 ficut
1341 1210 1391 1255 in
1414 1208 1683 1256 au&entico
1707 1205 1880 1269 scripto
1898 1204 2111 1268 ejusdem
2127 1206 2276 1269 Regis
2294 1207 2471 1254 exinde
2487 1207 2613 1254 fado

688 1306 959 1353 continetur
1026 1302 1183 1348 Pelles
1229 1301 1391 1347 ouium
1434 1306 1484 1346 et
1524 1313 1754 1361 agnorum
1790 1298 1919 1344 coria
1963 1297 2112 1344 boum
2156 1298 2470 1345 medietatem
2516 1296 2614 1359 sepi

690 1396 814 1441 vnffi
835 1401 884 1441 et
901 1392 1121 1455 sag-minis
1145 1398 1194 1438 et
1214 1392 1445 1438 decimam
1468 1391 1603 1451 panis
1626 1395 1677 1435 et
1700 1389 1968 1436 venationis
1991 1388 2139 1452 Regis
2163 1385 2286 1437 ficut
2307 1390 2359 1436 in
2380 1389 2616 1437 aufienti-

691 1501 783 1546 quo
819 1482 991 1544 scripto
1025 1479 1167 1544 ipsius
1207 1481 1380 1527 exinde
1412 1480 1534 1526 facto
1575 1481 1852 1526 continetur
1896 1477 2108 1527 Insulam
2143 1481 2204 1528 de
2242 1480 2461 1543 Lochtey
2502 1495 2614 1528 cum

691 1574 909 1621 omnibus
942 1571 1035 1618 suis
1068 1570 1367 1632 pertinentiis
1448 1569 1526 1616 Ex
1565 1570 1690 1616 dono
1721 1569 1870 1632 Regis
1905 1569 2067 1618 Dauid
2095 1571 2157 1619 ad
2189 1572 2376 1633 prefate
2419 1569 2616 1619 ecclefie

694 1666 854 1712 lumen
873 1664 1042 1725 viginti
1059 1660 1229 1708 solidos
1249 1662 1308 1708 de
1326 1661 1472 1707 firmis
1488 1661 1547 1707 de
1567 1659 1716 1708 Perth
1740 1661 1907 1708 decem
1925 1659 2099 1708 solidos
2119 1660 2179 1709 de
2195 1662 2334 1710 firma
2349 1662 2618 1710 molendin-

693 1770 825 1802 orum
844 1756 902 1800 de
927 1753 1073 1799 Perth
1124 1750 1523 1799 Cambusmichell
1548 1766 1659 1798 cum
1683 1752 1904 1799 omnibus
1926 1753 2069 1800 terris
2091 1758 2143 1800 et
2166 1754 2302 1815 aquis
2335 1753 2486 1815 pratis
2516 1752 2619 1816 pas-
2707 1804 2711 1810 ,

693 1847 791 1893 cuis
818 1843 955 1892 bosco
979 1850 1029 1890 et
1051 1843 1194 1905 plano
1219 1849 1268 1889 et
1292 1841 1499 1904 piscariis
1528 1849 1578 1889 et
1609 1858 1720 1890 cum
1743 1843 1966 1891 omnibus
1988 1841 2083 1891 suis
2110 1845 2419 1906 pertinentiis
2473 1843 2618 1892 Deci-

696 1951 822 1982 mam
841 1934 1078 1997 prebende
1101 1931 1243 1994 ipfius
1264 1933 1409 1996 Regis
1433 1930 1572 1995 brafij
1596 1935 1702 1981 cani
1721 1933 1979 1981 corriorum
1999 1940 2055 1982 et·
2074 1933 2319 1982 caseorum
2337 1935 2397 1982 de
2415 1941 2621 1997 quatuor

694 2027 913 2073 maneriis
937 2023 1030 2072 suis
1062 2023 1242 2072 scilicet
1265 2025 1324 2072 de
1345 2025 1573 2086 Goueryn
1602 2026 1662 2072 de
1691 2024 1944 2088 Forgrund
1961 2026 2025 2073 de
2045 2025 2174 2074 Scon
2197 2027 2258 2074 de
2281 2026 2442 2088 Cupre
2476 2032 2528 2075 et
2560 2027 2621 2074 de

696 2115 994 2163 Strathardel
1051 2115 1301 2162 Decimam
1332 2116 1533 2162 duorum
1564 2115 1949 2163 molendinorum
1973 2115 2183 2165 eiusdem
2209 2117 2356 2181 Regis
2387 2133 2481 2179 que
2509 2116 2621 2166 sunt

698 2206 833 2269 super
849 2207 1014 2254 Amun
1070 2203 1328 2253 Ecclesiam
1348 2208 1407 2254 de
1431 2207 1708 2255 Lochoruer
1729 2223 1839 2255 cum
1862 2209 2003 2256 terris
2027 2209 2225 2256 decimis
2249 2214 2301 2256 et
2322 2207 2419 2256 suis
2441 2210 2623 2271 pertin-

699 2299 840 2344 entiis
907 2295 1164 2344 Ecclefiam
1189 2298 1248 2344 de
1282 2297 1589 2360 Keringthon
1618 2314 1729 2345 cum
1763 2299 1986 2346 omnibus
2013 2300 2077 2347 ad
2102 2299 2236 2347 illam
2268 2300 2622 2362 pertinentibus

700 2388 930 2435 decimam
954 2389 1100 2434 totius
1123 2388 1341 2449 parochie
1365 2389 1424 2436 de
1449 2388 1576 2436 Scon
1600 2389 1650 2435 in
1673 2403 1864 2437 annona
1885 2391 1941 2436 in.
1958 2388 2104 2438 caseis
2127 2391 2178 2437 in
2208 2391 2510 2452 captionibus
2532 2388 2624 2452 pis-

702 2480 828 2525 cium
851 2485 901 2525 et
925 2480 975 2525 in
991 2478 1094 2526 aliis
1110 2480 1233 2526 vnde
1251 2480 1437 2527 decima
1456 2480 1612 2527 danda
1628 2478 1699 2527 est
1716 2481 1916 2528 liberam
1935 2496 2127 2543 quoque
2141 2481 2386 2529 licentiam
2404 2481 2622 2543 capiendi

701 2570 947 2616 materiem
971 2571 1021 2616 in
1043 2570 1312 2617 nemoribus
1335 2570 1482 2633 Regis
1504 2586 1591 2632 per
1612 2577 1766 2619 totam
1790 2571 2010 2619 Scotiam
2027 2571 2108 2619 vbi
2142 2572 2277 2619 vobis
2306 2573 2459 2635 magis
2486 2586 2624 2634 opor-

702 2666 873 2707 tunum
890 2661 1033 2707 fuerit
1053 2661 1113 2707 ad
1127 2661 1475 2708 edificationem
1495 2660 1695 2710 ecclefie
1705 2660 1858 2710 vestre
1873 2664 1933 2710 de
1947 2663 2084 2711 Scon.
2100 2669 2153 2710 et
2171 2663 2420 2710 domorum
2434 2661 2625 2711 suarum

703 2749 779 2798 De
801 2748 994 2813 {iugulis
1016 2752 1182 2798 aratris
1200 2753 1348 2799 totius
1372 2758 1497 2799 terre
1514 2754 1698 2815 prefate
1717 2751 1930 2802 Ecclefie
1947 2754 2009 2802 de
2026 2754 2156 2802 Scon
2173 2751 2369 2818 fingulis
2386 2756 2523 2802 annis
2539 2770 2627 2817 pro

702 2840 783 2888 suo
817 2842 1024 2888 conueth
1055 2842 1114 2888 ad
1150 2840 1323 2889 festum
1357 2845 1571 2890 omnium
1601 2842 1869 2892 sanctorum
1898 2860 2042 2893 vnam
2079 2860 2274 2894 vaccam
2304 2846 2423 2892 duos
2458 2860 2627 2907 porcos

704 2938 907 2993 quatuor
939 2932 1149 2980 clauinos
1180 2934 1330 2980 farine
1361 2935 1532 2982 decem
1564 2936 1760 2983 thraues
1793 2951 1947 2984 avene
1980 2936 2149 2984 decem
2183 2935 2387 2999 gallinas
2417 2937 2629 2984 ducenta

706 3037 797 3068 oua
818 3023 982 3068 decem
1005 3024 1271 3085 manipulos
1300 3024 1606 3072 candelarum
1641 3032 1846 3087 quatuor
1879 3033 2118 3075 mumatas
2144 3025 2333 3075 fimonis
2365 3028 2538 3090 viginti
2574 3033 2627 3075 et

707 3111 945 3158 dimidiam
969 3114 1116 3161 melas
1149 3113 1269 3162 casei
1291 3112 1410 3163 ficut
1434 3116 1490 3162 in.
1507 3117 1815 3178 auctentiquo
1842 3115 2016 3179 scripto
2038 3116 2250 3166 eiusdem
2283 3117 2431 3180 Regis
2453 3117 2629 3164 exinde

706 3201 828 3248 fa&o
866 3204 1135 3251 continetur
1227 3205 1303 3252 Ex
1346 3206 1471 3253 dono
1518 3205 1666 3269 Regis
1708 3205 1963 3255 Malcolmi
2006 3208 2249 3257 decimam.
2292 3208 2522 3255 sementi
2568 3207 2628 3255 de
