2982 4016
648 542 708 588 70
1320 531 1525 580 LIBER
1561 527 1888 577 ECCLESIE
2333 540 2433 573 sse.
2460 538 2577 572 xm.

649 758 794 807 Carta
815 758 1030 822 Gregorii
1056 757 1185 819 Pape
1208 755 1320 802 noni
1345 754 1404 800 de
1427 751 1741 814 proteffione.

525 945 616 988 104
650 924 925 1003 Gregorius
954 935 1211 999 Episcopus
1243 933 1404 982 servus
1438 932 1681 980 servorum
1718 932 1795 979 dei
1831 930 2016 978 dileffis
2051 930 2162 978 filiis
2195 930 2290 978 suis
2324 931 2486 979 abbati
2524 938 2576 979 et

523 2943 611 2985 105

646 1031 898 1078 conventui
939 1029 998 1075 de
1039 1027 1195 1075 Scona
1230 1026 1407 1072 ordinis
1442 1023 1605 1071 Sanffi
1641 1020 1903 1086 Augustini
1938 1022 2101 1070 Sanffi
2131 1021 2331 1070 Andree
2365 1020 2575 1084 dyocefis

644 1121 843 1168 salutem
884 1126 934 1166 et
977 1115 1282 1179 apostolicam
1326 1115 1711 1162 benediffionem
1757 1112 2066 1161 SacrosanGta
2110 1113 2331 1161 Romana
2375 1112 2575 1162 ecclefia

642 1212 837 1258 devotos
867 1216 917 1256 et
947 1208 1151 1255 humiles
1173 1207 1295 1254 filios
1329 1222 1391 1254 ex
1425 1204 1603 1254 assuete
1636 1206 1831 1267 pietatis
1868 1204 2022 1252 officio
2058 1202 2335 1267 propenfius
2376 1206 2574 1269 diligere

640 1299 881 1349 consuevit
904 1306 954 1347 et
977 1315 1038 1347 ne
1060 1314 1314 1361 pravorum
1336 1298 1585 1344 hominum
1608 1293 1837 1343 molestiis
1864 1296 2111 1359 agitentur
2133 1311 2215 1343 eos
2238 1303 2470 1358 tanquam
2494 1298 2574 1359 pia

638 1399 792 1440 mater
813 1389 894 1439 sue
923 1391 1227 1452 protefflonis
1261 1389 1525 1435 munimine
1549 1387 1803 1435 confovere
1872 1386 1946 1434 Ea
1978 1393 2176 1449 propter
2209 1387 2368 1435 dilecti
2406 1389 2456 1436 in
2492 1389 2575 1436 do-

640 1485 769 1531 mino
799 1483 881 1545 filij
906 1479 1070 1530 vestris
1104 1478 1238 1528 iustis
1268 1478 1665 1542 postulationibus
1695 1483 1833 1541 grato
1868 1484 2207 1526 concurrentes
2247 1476 2428 1526 assensu
2468 1496 2575 1542 per-

639 1574 772 1622 sonas
795 1572 968 1622 vestras
990 1578 1040 1620 et
1063 1573 1221 1620 locum
1245 1573 1295 1618 in
1318 1587 1412 1632 quo
1437 1571 1598 1617 divino
1622 1567 1731 1617 estis
1754 1568 1978 1631 obsequio
2001 1571 2262 1632 mancipati
2286 1586 2398 1618 cum
2421 1573 2574 1640 omni-

639 1666 727 1712 bus
750 1666 884 1713 bonis
902 1680 993 1726 que
1011 1662 1403 1726 inpresentiarum
1428 1661 1777 1710 rationabiliter
1798 1658 2002 1723 possidet
2020 1667 2105 1709 aut
2128 1662 2179 1708 in
2197 1662 2415 1710 futurum
2430 1662 2573 1725 justis

639 1758 789 1803 modis
810 1753 1048 1817 prestante
1072 1756 1230 1801 divino
1255 1755 1449 1801 domino
1473 1754 1653 1815 poterit
1676 1750 1870 1815 adipisci
1905 1751 1991 1800 sub
2026 1753 2156 1801 beati
2189 1756 2315 1816 petri
2338 1771 2394 1802 ac
2417 1754 2576 1804 nostra

637 1849 928 1909 proteffione
951 1845 1227 1908 suscipimus
1251 1845 1520 1908 specialiter
1553 1851 1718 1893 autem
1742 1846 1804 1892 de
1826 1860 2001 1908 magna
2022 1845 2156 1893 blara
2189 1851 2241 1892 et
2274 1861 2421 1908 parva
2442 1847 2575 1895 blara

639 1938 773 1986 villas
796 1953 905 1986 cum
927 1938 1230 2000 pertinentiis
1248 1938 1508 1985 earundem
1533 1934 1833 1998 pofl'effiones
1857 1953 1912 1984 ac
1936 1936 2030 1984 alia
2051 1937 2179 1985 bona
2195 1936 2351 1986 vestra
2373 1936 2495 1986 ficut
2519 1956 2575 1987 ea

639 2032 798 2078 omnia
822 2029 951 2092 juste
990 2046 1045 2077 ac
1083 2030 1278 2091 pacifice
1317 2027 1560 2091 poffidetis
1593 2029 1727 2076 vobis
1764 2034 1815 2076 et
1851 2044 1937 2091 per
1972 2044 2057 2076 vos
2095 2027 2382 2077 monasterio
2420 2029 2575 2079 vestro

641 2122 920 2169 au&oritate
954 2118 1205 2183 apostolica
1238 2120 1573 2167 confirmamus
1611 2126 1662 2166 et
1698 2118 1931 2181 presentis
1963 2118 2124 2182 scripti
2160 2122 2424 2182 patrocinio
2448 2138 2576 2170 com-

641 2213 880 2264 munimus
962 2211 1101 2259 Nulli
1140 2228 1251 2274 ergo
1292 2213 1487 2258 omnino
1524 2212 1774 2258 hominum
1812 2210 1955 2259 liceat
1994 2212 2118 2260 hanc
2154 2214 2377 2275 paginam
2417 2213 2575 2262 nostre

643 2303 944 2364 proteffionis
975 2309 1026 2349 et
1054 2304 1423 2350 confirmationis
1446 2303 1705 2366 infringere
1728 2303 1806 2350 vel
1842 2305 1886 2350 ei
1922 2301 2036 2359 ausu
2059 2305 2314 2351 temerario
2338 2306 2575 2353 contraire

645 2393 696 2440 Si
720 2394 823 2454 quis
846 2400 1007 2440 autem
1030 2394 1120 2441 hoc
1144 2399 1433 2455 attemptare
1456 2393 1792 2456 presumpserit
1823 2395 2206 2458 indignationem
2230 2398 2574 2459 omnipotentis

643 2485 717 2530 dei
753 2491 802 2530 et
836 2485 1083 2531 beatorum
1117 2486 1240 2546 petri
1264 2491 1314 2532 et
1337 2486 1466 2547 pauli
1502 2483 1823 2547 apostolorum
1853 2485 1955 2547 ejus
1978 2485 2027 2533 se
2050 2489 2240 2535 noverit
2274 2488 2572 2536 incursurum

648 2574 824 2621 Datum
849 2574 1057 2638 Viterbij
1083 2591 1133 2621 vo
1156 2575 1271 2623 Idus
1294 2575 1326 2623 J
1328 2578 1509 2638 anuarij
1534 2577 1844 2638 pontificatus
1867 2574 2013 2624 nostri
2037 2594 2163 2626 anno
2185 2595 2327 2627 nono.

644 2756 787 2803 Carta
810 2756 1081 2805 Innocentii
1106 2758 1235 2820 Pape
1259 2761 1415 2820 quarti
1441 2787 1452 2798 ·
1477 2776 1539 2807 ne
1563 2761 1613 2807 in
1637 2761 1769 2807 curia
1790 2758 1990 2808 seculari
2014 2759 2330 2823 respondeant
2354 2789 2364 2799 ·

648 2923 968 2987 Innocentius
992 2939 1075 3003 esis
1098 2941 1260 2988 seruus
1282 2941 1454 2999 seruowp
1479 2943 1556 2990 dei
1580 2968 1590 2978 ·
1610 2941 1812 2990 Dileffls
1835 2942 1946 2989 filiis
1971 2970 1982 2981 ·
2006 2942 2192 2991 Abbati
2216 2951 2267 2992 et
2292 2971 2302 2982 ·
2320 2971 2330 2982 ·
2346 2947 2488 3007 priori
2513 2947 2571 2995 de

646 3029 803 3078 Insula
818 3029 984 3089 miffar
1004 3032 1296 3080 dumblane‘fi
1315 3034 1421 3081 dioc
1442 3060 1452 3071 ·
1478 3033 1586 3081 Sait
1604 3039 1655 3080 et
1678 3033 1883 3096 aplicam
1902 3033 1998 3081 ben
2022 3061 2034 3072 ·
2054 3034 2341 3083 Deuotionis
2365 3037 2573 3095 dileaoa

645 3121 777 3178 {ilion
813 3148 823 3157 ·
864 3121 1016 3169 Abbis
1051 3131 1084 3169 ’ἲ
1123 3131 1389 3172 conuentus
1430 3125 1490 3171 de
1528 3123 1687 3172 Scona
1726 3125 1904 3172 ordinis
1940 3124 2086 3173 sanffl
2127 3125 2387 3190 Augustini
2425 3128 2571 3177 sanffi

648 3211 840 3259 Andree
864 3213 969 3260 dioc
993 3239 1003 3250 ·
1026 3216 1244 3275 precibus
1266 3215 1529 3278 benignum
1553 3217 1886 3277 impertientes
1909 3214 2140 3264 affensum
2164 3244 2174 3255 ·
2199 3219 2267 3266 eis
2290 3220 2573 3267 authoritate

648 3282 797 3358 lit‘Pan
835 3301 1023 3361 nostran
1064 3306 1287 3352 duximus
1322 3332 1332 3342 ·
1366 3306 1714 3369 indulgendum
1740 3334 1750 3345 ·
1776 3314 1831 3354 ut
1867 3305 2008 3369 super
2044 3310 2183 3355 terris
2221 3317 2254 3355 “t
2291 3309 2395 3356 aliis
2435 3311 2571 3358 bonis
