2982 4016
510 1563 599 1608 130

639 530 698 578 96
1310 518 1516 567 LIBER
1553 514 1877 585 ECCLQSIE
1903 549 1905 553 -
2313 526 2413 561 sno.
2439 526 2555 559 xm.

638 659 750 706 dree
773 652 1072 719 Glasgueufis
1106 649 1457 700 Dunkeldenfis
1486 645 1838 695 Dunblanenfis
1862 651 1913 692 et
1938 641 2215 692 Sodorenfis
2249 641 2557 692 ecclesiarum

639 750 715 796 dei
737 749 890 811 gratia
911 744 1136 809 episcopis
1171 742 1413 789 Bernardo
1438 740 1612 787 abbate
1636 738 1695 784 de
1718 735 2043 783 Abirbrothoc
2067 734 2366 783 Cancellario
2399 732 2558 782 nostro

641 837 830 886 Malifio
874 838 1047 884 comite
1092 835 1151 880 de
1197 832 1448 880 Strathern
1506 829 1715 876 Patricio
1762 828 1821 873 de
1868 826 2071 873 Dunbar
2115 827 2292 873 comite
2339 826 2558 873 Marchie

642 929 848 991 Hugone
882 927 1055 973 comite
1090 925 1149 970 de
1185 921 1302 968 Ross
1332 920 1553 967 Waltero
1588 916 1860 966 Senescallo
1892 916 2057 964 Scotie
2078 915 2261 964 Jacobo
2284 917 2477 963 domino
2501 917 2561 963 de

642 1019 822 1081 Duglas
853 1016 1072 1064 Gilberto
1106 1014 1165 1060 de
1205 1012 1346 1073 Haya
1380 1007 1741 1057 Constabulario
1781 1006 1941 1054 nostro
1981 1013 2032 1054 et
2073 1006 2355 1055 Alexandro
2395 1006 2562 1055 Fraser

640 1108 906 1157 Camerario
929 1103 1086 1152 nostro
1109 1102 1342 1150 militibus
1366 1100 1514 1163 Apud
1538 1091 1745 1147 Sconam
1769 1099 1922 1160 primo
1946 1099 2024 1145 die
2059 1097 2230 1145 Martii
2254 1098 2401 1145 Anno
2424 1100 2558 1161 regni

639 1197 781 1246 nostri
806 1194 1037 1243 vicesimo.

638 1380 783 1427 Carta
806 1378 1005 1425 Roberti
1030 1376 1175 1438 Regis
1199 1376 1257 1421 de
1281 1374 1477 1421 decimis
1501 1373 1739 1419 lucrorum
1764 1378 1815 1419 et
1839 1370 2145 1420 escaetarum.

643 1548 900 1611 Robertus
924 1560 1000 1606 dei
1022 1559 1174 1620 gratia
1198 1556 1305 1602 Rex
1330 1555 1607 1602 Scottorum
1638 1553 1670 1600 J
1675 1552 1911 1601 usticiario
1942 1570 2003 1602 ex
2037 1561 2175 1616 parte
2208 1556 2387 1604 boreali
2421 1560 2563 1605 maris

644 1655 809 1703 Scocic
841 1658 890 1698 et
918 1648 1204 1698 Vicecomiti
1230 1648 1288 1693 de
1314 1646 1461 1693 Perth
1496 1661 1551 1692 ac
1585 1645 1774 1692 ballivis
1796 1643 1890 1692 suis
1925 1647 1985 1692 de
2009 1646 2186 1693 Goveri
2221 1649 2302 1708 qui
2332 1663 2418 1710 pro
2442 1654 2565 1696 tem-

637 1761 749 1807 pore
782 1744 961 1790 fuerint
994 1739 1195 1786 salutem
1231 1738 1356 1794 Quia
1391 1753 1476 1798 per
1515 1738 1690 1784 bonam
1730 1743 1781 1783 et
1819 1736 2013 1783 fidelem
2053 1734 2234 1784 affisam
2271 1739 2445 1786 fa&am
2480 1755 2566 1801 per

636 1836 805 1897 probos
829 1839 878 1880 et
903 1831 1066 1878 fideles
1087 1831 1304 1876 homines
1322 1829 1476 1890 patrie
1499 1843 1657 1875 coram
1675 1827 1859 1875 'l'homa
1876 1827 2119 1890 Ranulphi
2143 1830 2321 1877 comite
2345 1830 2565 1879 Moravie

637 1935 686 1973 et
710 1925 901 1972 domino
924 1922 1060 1970 vallis
1085 1920 1343 1967 Annandie
1368 1925 1418 1966 et
1445 1918 1646 1966 Mannie
1669 1918 1701 1965 J
1704 1916 1942 1966 usticiario
1964 1918 2125 1966 nostro
2148 1936 2210 1967 ex
2227 1929 2364 1982 parte
2386 1922 2566 1970 boreali

639 2017 780 2064 maris
810 2015 977 2062 Scocie
1012 2013 1258 2060 evidenter
1293 2011 1459 2058 extitit
1494 2015 1793 2072 compertum
1828 2011 1955 2071 quod
1987 2008 2192 2074 religiosi
2215 2014 2304 2059 viri
2337 2014 2483 2061 abbas
2517 2021 2568 2062 et

639 2112 902 2156 conventus
937 2106 996 2152 de
1031 2104 1187 2150 Scona
1221 2109 1436 2163 tempore
1471 2102 1596 2147 bone
1630 2101 1861 2147 memorie
1896 2100 2094 2148 Domini
2117 2101 2385 2150 Alexandri
2420 2103 2568 2168 Regis

643 2199 806 2246 Scotie
839 2193 1167 2258 predecefl'oris
1207 2191 1356 2239 nostri
1391 2192 1562 2238 ultimo
1598 2192 1810 2238 defuncti
1847 2189 2007 2238 vestiti
2042 2198 2093 2239 et
2125 2191 2252 2240 safiti
2286 2195 2483 2242 fuerunt
2517 2198 2567 2242 in

643 2304 810 2351 puram
832 2293 882 2334 et
904 2292 1180 2348 perpetuam
1206 2281 1510 2331 elemosinam
1535 2284 1595 2330 de
1619 2283 1815 2329 decimis
1839 2284 2052 2330 omnium
2077 2283 2318 2332 lucrorum
2341 2293 2392 2333 et
2415 2285 2569 2335 escae-

643 2387 801 2427 tarum
836 2383 935 2424 tam
971 2377 1029 2422 de
1063 2376 1249 2437 placitis
1283 2374 1314 2420 J
1319 2372 1552 2421 usticiarie
1583 2375 1634 2420 in
1667 2373 1847 2420 Goveri
1870 2389 2014 2435 quam
2038 2374 2422 2425 Vicecomitatus
2449 2378 2569 2440 ejus-

646 2471 753 2516 dem
788 2468 940 2516 Vobis
971 2467 1248 2513 mandamus
1280 2471 1329 2511 et
1363 2465 1650 2526 precipimus
1685 2466 1910 2525 quatinus
1945 2466 2094 2513 dianas
2128 2467 2336 2515 decimas
2370 2470 2568 2530 prefatis

646 2556 872 2622 religiofis
906 2564 955 2604 et
993 2572 1155 2603 eorum
1190 2553 1521 2603 successoribus
1544 2553 1739 2618 fingulis
1762 2557 1898 2603 annis
1920 2554 2122 2618 persolvi
2144 2557 2329 2605 faciatis
2351 2561 2570 2622 inperpe-

646 2658 785 2698 tuum
809 2648 874 2695 Et
897 2648 1023 2709 quod
1047 2649 1094 2693 in
1118 2648 1208 2694 hoc
1230 2644 1537 2708 apposueritis
1560 2647 1694 2693 vobis
1728 2648 1779 2692 in
1813 2648 2046 2708 compotis
2075 2645 2242 2695 vestris
2276 2652 2446 2697 annuis
2468 2651 2570 2712 ple-

646 2744 753 2790 nius
786 2741 1014 2788 faciemus
1044 2738 1234 2785 allocari
1268 2736 1327 2783 In
1362 2737 1495 2798 cujus
1529 2738 1598 2783 rei
1620 2735 1946 2784 testimonium
1969 2738 2055 2785 has
2077 2738 2240 2786 literas
2262 2738 2442 2788 nostras
2464 2757 2570 2803 per-

646 2840 792 2895 petuo
815 2831 1063 2878 duraturas
1086 2829 1305 2890 predictis
1335 2824 1562 2889 religiosis
1587 2828 1690 2874 fieri
1721 2829 1921 2876 fecimus
1944 2834 2166 2891 patentes
2189 2829 2337 2892 Apud
2362 2831 2567 2880 Sconam

648 2920 865 2972 vicesimo
886 2920 1091 2969 secundo
1115 2920 1191 2967 die
1216 2918 1504 2966 Novembris
1527 2918 1674 2966 Anno
1697 2920 1831 2982 regni
1855 2917 2002 2967 nostri
2026 2904 2196 2982 quarto
2219 2922 2419 2971 decimo.
