2982 4016
416 500 533 536 nno.
558 501 710 536 nuc.
962 488 1012 534 S.
1047 488 1444 538 TRINITATIS
1478 490 1572 538 DE
1608 490 1801 539 SCON.
2292 502 2345 544 11

415 709 566 758 Carta
584 709 838 758 Malcolmi
861 709 1009 773 Regis
1031 710 1092 758 de
1115 710 1300 758 duobus
1322 712 1505 760 retibus
1527 712 1668 775 super
1688 713 1775 762 Tei
1797 720 1853 762 et
1871 729 1971 761 uno
1991 713 2130 777 super
2153 715 2343 764 Foreth.

323 892 382 935 12
419 876 735 940 Malcolmus
758 890 869 939 Rex
893 890 1174 938 Scottorum
1198 893 1420 939 omnibus
1454 894 1615 954 probis
1645 894 1919 942 hominibus
1942 897 2093 942 totius
2117 902 2244 944 terre
2265 897 2346 945 sue

412 983 618 1031 salutem
700 982 875 1031 Sciatis
910 998 990 1030 me
1024 980 1292 1030 conceffiffe
1324 990 1374 1031 et
1403 985 1493 1031 hae
1525 1000 1633 1033 mea
1666 992 1798 1033 carta
1835 986 2128 1035 confirmasse
2157 987 2263 1036 Deo
2295 996 2347 1037 et

413 1073 612 1123 ecclefie
644 1074 818 1121 Sancte
847 1074 1097 1121 Trinitatis
1128 1074 1190 1121 de
1218 1073 1346 1121 Scon
1377 1080 1428 1121 et
1455 1074 1640 1123 Abbati
1669 1082 1721 1123 et
1753 1076 1993 1125 canonicis
2032 1078 2211 1125 ibidem
2240 1079 2345 1127 Deo

414 1166 734 1214 seruientibus
756 1166 851 1212 duo
881 1166 1007 1212 retia
1032 1163 1175 1226 super
1195 1163 1283 1211 Tei
1314 1180 1462 1212 vnum
1491 1165 1673 1213 scilicet
1703 1168 1754 1213 in
1776 1166 2099 1230 Kcncarekyu
2133 1169 2263 1217 aliud
2295 1172 2345 1217 in

414 1256 578 1306 Insula
608 1257 735 1320 regis
774 1262 825 1304 et
870 1271 1019 1303 vnum
1060 1255 1199 1302 rethe
1231 1253 1372 1317 super
1417 1256 1596 1304 Foreth
1634 1258 1761 1319 apud
1808 1257 2042 1305 Striuelin
2106 1259 2345 1308 Tenendis

412 1350 483 1395 ita
503 1348 655 1395 libere
677 1352 730 1396 et
751 1348 917 1409 quiete
939 1352 998 1394 ut
1013 1346 1176 1408 aliqua
1195 1348 1318 1393 retia
1340 1347 1391 1393 in
1414 1348 1548 1408 aquis
1570 1353 1701 1395 terre
1721 1363 1830 1395 mee
1851 1364 1881 1396 a
1902 1348 2130 1411 religiofis
2151 1350 2344 1398 liberius

413 1445 467 1486 et
509 1440 719 1500 quietius
762 1444 994 1487 tenentur
1038 1444 1089 1485 et
1129 1434 1424 1499 poffidentur
1504 1436 1722 1486 Testibus
1762 1439 2021 1502 Engelram
2065 1442 2345 1489 cancellario

414 1529 640 1578 Waltero
660 1530 762 1577 filio
783 1529 933 1577 Alani
957 1529 1170 1592 dapifero
1194 1527 1401 1576 Nicolao
1424 1531 1683 1578 camerario
1749 1529 1898 1593 Apud
1921 1530 2197 1578 Striueline.

412 1712 560 1762 Oarta
583 1712 836 1762 Malcolmi
859 1712 1008 1776 Regis
1030 1713 1092 1759 de
1113 1711 1286 1775 viginti
1309 1710 1469 1759 solidis
1491 1713 1552 1759 ad
1574 1711 1740 1760 lumen
1763 1710 1971 1760 ecclefie.

322 1901 380 1944 13
417 1881 733 1945 Malcolmus
755 1895 866 1943 Rex
890 1895 1171 1943 Scottorum
1194 1893 1418 1942 omnibus
1451 1894 1612 1956 probis
1640 1894 1912 1941 hominibus
1942 1895 2095 1941 totius
2116 1900 2242 1941 terre
2263 1894 2345 1941 sue

412 1987 615 2036 fiaelutem
632 1988 807 2035 Sciatis
822 2002 902 2033 me
916 1982 1185 2034 conceffiffe
1203 1991 1254 2034 et
1269 1986 1360 2033 hac
1377 2001 1487 2032 mea
1502 1991 1635 2032 carta
1651 1983 1941 2032 confirmasse
1958 1983 2065 2032 Deo
2083 1991 2133 2031 et
2151 1983 2344 2032 ecclefie

414 2079 590 2128 Sancte
612 2079 862 2126 Trinitatis
885 2078 946 2125 de
969 2076 1098 2125 Scon
1116 2083 1168 2125 et
1184 2077 1349 2125 abbati
1373 2082 1423 2124 et
1441 2077 1680 2124 canonicis
1703 2075 1882 2123 ibidem
1905 2075 2013 2123 Deo
2030 2074 2344 2123 seruientibus

413 2171 475 2218 ad
498 2170 664 2218 lumen
686 2171 871 2232 prefate
894 2166 1092 2216 ecclefie
1114 2169 1286 2231 viginti
1308 2167 1482 2214 solidos
1507 2168 1566 2214 de
1583 2167 1719 2214 firma
1731 2182 1840 2214 mea
1854 2167 1914 2214 de
1933 2166 2049 2214 Pert
2073 2172 2123 2214 et
2141 2167 2200 2213 ad
2217 2167 2343 2213 idem

414 2263 664 2325 negotium
687 2262 856 2308 decem
871 2259 1046 2308 solidos
1064 2260 1125 2307 de
1146 2260 1286 2307 firma
1300 2259 1504 2306 duorum
1520 2258 1903 2306 molendinorum
1918 2273 2135 2304 meorum
2153 2258 2212 2305 de
2230 2256 2345 2304 Pert

414 2367 510 2414 que
542 2351 656 2399 sunt
676 2350 817 2413 snper
850 2365 1042 2399 amnem
1073 2351 1134 2398 de
1156 2364 1304 2398 amun
1338 2354 1390 2397 et
1412 2349 1648 2396 decimam
1671 2349 1932 2396 eorundem
1962 2347 2345 2395 molendinorum

321 2504 324 2506 Β
413 2444 596 2506 pariter
615 2443 847 2505 prohibeo
868 2442 1035 2503 itaque
1066 2447 1124 2488 ut
1156 2440 1320 2488 nullus
1352 2441 1423 2488 eis
1446 2441 1701 2501 quicquam
1723 2438 1836 2486 inde
1857 2438 2031 2486 iniuste
2053 2438 2238 2486 auferre
2260 2443 2345 2485 aut

414 2534 633 2583 detinere
670 2532 914 2596 presumat
945 2531 1088 2594 super
1125 2530 1416 2579 foriffaaum
1455 2545 1620 2577 meum
1685 2527 1903 2577 Testibus
1939 2528 2196 2592 Engelram
2236 2543 2343 2575 can-

415 2623 611 2674 cellario
634 2624 859 2672 Waltero
880 2623 981 2671 fflio
1003 2622 1158 2670 Alani.
1176 2622 1389 2684 dapifero
1455 2620 1607 2683 Apud
1628 2620 1905 2668 Striueline.

417 2772 841 2854 CattasMaloolmi
864 2804 1013 2868 Regis
1036 2803 1098 2851 de
1119 2803 1247 2851 tofto
1268 2804 1320 2850 in
1344 2801 1583 2850 Linlideu.

325 2992 349 3035 1
358 2991 387 3035 4
422 2972 736 3035 Malcolmus
751 2986 862 3034 Rex
876 2985 1158 3034 Scottorum
1172 2983 1445 3032 vicecomiti
1459 2982 1542 3030 suo
1557 2978 1922 3043 etburgenfibus
1934 2977 2028 3025 suis
2040 2978 2100 3025 de
2114 2976 2336 3023 Linlidcu

418 3084 471 3127 et
493 3077 715 3126 omnibus
738 3076 844 3124 aliis
866 3076 1028 3138 probis
1049 3074 1324 3122 hominibus
1346 3072 1441 3120 suis
1465 3074 1525 3120 de
1548 3068 1865 3118 Linlidcuskir
1886 3068 2088 3115 salutem
2163 3066 2335 3113 Sciatis

417 3186 498 3218 me
521 3166 696 3216 dedifl'e
719 3173 771 3215 et
792 3167 883 3215 hac
903 3181 1015 3214 mea
1030 3171 1162 3214 carta
1178 3144 1470 3213 confirmasse
1482 3162 1589 3209 Deo
1612 3167 1662 3207 et
1684 3156 1880 3207 ecclefie
1902 3157 2075 3205 Samae
2091 3156 2335 3203 Trinitatis

420 3259 481 3308 de
516 3259 645 3307 Scon
667 3264 719 3306 et
741 3257 904 3306 abbati
939 3262 990 3304 et
1023 3256 1264 3304 canonicis
1297 3253 1475 3302 ibidem
1499 3251 1605 3299 Deo
1627 3247 1941 3297 seruientibus
1962 3261 2110 3295 vnum
2142 3246 2336 3293 tofftum
