<?xml version="1.0" encoding="UTF-8"?>
<!DOCTYPE html PUBLIC "-//W3C//DTD XHTML 1.0 Transitional//EN"
    "http://www.w3.org/TR/xhtml1/DTD/xhtml1-transitional.dtd">
<html xmlns="http://www.w3.org/1999/xhtml" xml:lang="en" lang="en">
 <head>
  <title>
</title>
<meta http-equiv="Content-Type" content="text/html;charset=utf-8" />
  <meta name='ocr-system' content='tesseract 3.04.00' />
  <meta name='ocr-capabilities' content='ocr_page ocr_carea ocr_par ocr_line ocrx_word'/>
</head>
<body>
  <div class='ocr_page' id='page_1' title='image "./liberecclesiedes78sconuoft_0095.png"; bbox 0 0 2982 4016; ppageno 0'>
   <div class='ocr_carea' id='block_1_1' title="bbox 413 539 2351 598">
    <p class='ocr_par' dir='ltr' id='par_1_1' title="bbox 413 539 2351 598">
     <span class='ocr_line' id='line_1_1' title="bbox 413 539 2351 598; baseline 0.007 -14"><span class='ocrx_word' id='word_1_1' title='bbox 413 550 532 585; x_wconf 61' lang='grc' dir='ltr'><strong>ΒΕΘ.</strong></span> <span class='ocrx_word' id='word_1_2' title='bbox 557 552 706 586; x_wconf 76' lang='lat' dir='ltr'>ALEx.</span> <span class='ocrx_word' id='word_1_3' title='bbox 733 552 787 584; x_wconf 91' lang='lat'>11.</span> <span class='ocrx_word' id='word_1_4' title='bbox 960 539 1010 586; x_wconf 77' lang='lat' dir='ltr'>S.</span> <span class='ocrx_word' id='word_1_5' title='bbox 1048 539 1443 589; x_wconf 84' lang='lat' dir='ltr'>TRINITATIS</span> <span class='ocrx_word' id='word_1_6' title='bbox 1479 541 1571 590; x_wconf 88' lang='lat' dir='ltr'>DE</span> <span class='ocrx_word' id='word_1_7' title='bbox 1608 542 1801 591; x_wconf 84' lang='lat' dir='ltr'>SCON.</span> <span class='ocrx_word' id='word_1_8' title='bbox 2292 556 2351 598; x_wconf 88' lang='lat'>43</span> 
     </span>
    </p>
   </div>
   <div class='ocr_carea' id='block_1_2' title="bbox 412 759 1937 828">
    <p class='ocr_par' dir='ltr' id='par_1_2' title="bbox 412 759 1937 828">
     <span class='ocr_line' id='line_1_2' title="bbox 412 759 1937 828; baseline 0.005 -21"><span class='ocrx_word' id='word_1_9' title='bbox 412 759 724 809; x_wconf 86' lang='lat' dir='ltr'>Confirmatio</span> <span class='ocrx_word' id='word_1_10' title='bbox 748 761 1017 810; x_wconf 84' lang='lat' dir='ltr'>Alexandri</span> <span class='ocrx_word' id='word_1_11' title='bbox 1041 763 1188 827; x_wconf 87' lang='lat' dir='ltr'>Regis</span> <span class='ocrx_word' id='word_1_12' title='bbox 1212 764 1272 812; x_wconf 91' lang='lat' dir='ltr'>de</span> <span class='ocrx_word' id='word_1_13' title='bbox 1295 780 1392 812; x_wconf 92' lang='lat' dir='ltr'>uno</span> <span class='ocrx_word' id='word_1_14' title='bbox 1415 766 1540 813; x_wconf 89' lang='lat' dir='ltr'><strong>tofto</strong></span> <span class='ocrx_word' id='word_1_15' title='bbox 1563 767 1691 828; x_wconf 90' lang='lat' dir='ltr'>apud</span> <span class='ocrx_word' id='word_1_16' title='bbox 1715 766 1937 815; x_wconf 85' lang='lat' dir='ltr'>Sconam.</span> 
     </span>
    </p>
   </div>
   <div class='ocr_carea' id='block_1_3' title="bbox 316 927 2352 1922">
    <p class='ocr_par' dir='ltr' id='par_1_3' title="bbox 316 927 2352 1922">
     <span class='ocr_line' id='line_1_3' title="bbox 316 927 2350 1011; baseline 0.004 -21"><span class='ocrx_word' id='word_1_17' title='bbox 316 939 377 985; x_wconf 82' lang='lat'>68</span> <span class='ocrx_word' id='word_1_18' title='bbox 411 927 712 992; x_wconf 85' lang='lat' dir='ltr'><strong>Alexander</strong></span> <span class='ocrx_word' id='word_1_19' title='bbox 734 944 830 992; x_wconf 91' lang='lat' dir='ltr'>Dei</span> <span class='ocrx_word' id='word_1_20' title='bbox 847 946 1002 1008; x_wconf 85' lang='lat' dir='ltr'>gratia</span> <span class='ocrx_word' id='word_1_21' title='bbox 1020 945 1130 993; x_wconf 85' lang='lat' dir='ltr'>Rex</span> <span class='ocrx_word' id='word_1_22' title='bbox 1152 944 1431 994; x_wconf 80' lang='lat' dir='ltr'><strong>Scottorum</strong></span> <span class='ocrx_word' id='word_1_23' title='bbox 1479 946 1717 996; x_wconf 85' lang='lat' dir='ltr'><strong>Omnibus</strong></span> <span class='ocrx_word' id='word_1_24' title='bbox 1733 949 1893 1011; x_wconf 85' lang='lat' dir='ltr'><strong>probis</strong></span> <span class='ocrx_word' id='word_1_25' title='bbox 1910 950 2182 998; x_wconf 92' lang='lat' dir='ltr'>hominibus</span> <span class='ocrx_word' id='word_1_26' title='bbox 2199 953 2350 999; x_wconf 88' lang='lat' dir='ltr'>totius</span> 
     </span>
     <span class='ocr_line' id='line_1_4' title="bbox 409 1035 2351 1101; baseline 0.004 -18"><span class='ocrx_word' id='word_1_27' title='bbox 409 1042 539 1084; x_wconf 88' lang='lat' dir='ltr'>terre</span> <span class='ocrx_word' id='word_1_28' title='bbox 563 1035 646 1083; x_wconf 86' lang='lat' dir='ltr'>sue</span> <span class='ocrx_word' id='word_1_29' title='bbox 665 1036 849 1084; x_wconf 82' lang='lat' dir='ltr'>clericis</span> <span class='ocrx_word' id='word_1_30' title='bbox 873 1043 924 1085; x_wconf 92' lang='lat' dir='ltr'>et</span> <span class='ocrx_word' id='word_1_31' title='bbox 941 1037 1074 1084; x_wconf 89' lang='lat' dir='ltr'>laicis</span> <span class='ocrx_word' id='word_1_32' title='bbox 1098 1036 1302 1084; x_wconf 86' lang='lat' dir='ltr'>salutem</span> <span class='ocrx_word' id='word_1_33' title='bbox 1369 1037 1537 1087; x_wconf 80' lang='lat' dir='ltr'><strong>Sciant</strong></span> <span class='ocrx_word' id='word_1_34' title='bbox 1560 1038 1803 1101; x_wconf 87' lang='lat' dir='ltr'>presentes</span> <span class='ocrx_word' id='word_1_35' title='bbox 1826 1047 1877 1088; x_wconf 89' lang='lat' dir='ltr'>et</span> <span class='ocrx_word' id='word_1_36' title='bbox 1901 1042 2052 1089; x_wconf 87' lang='lat' dir='ltr'>futuri</span> <span class='ocrx_word' id='word_1_37' title='bbox 2075 1057 2153 1089; x_wconf 93' lang='lat' dir='ltr'>me</span> <span class='ocrx_word' id='word_1_38' title='bbox 2177 1042 2351 1091; x_wconf 82' lang='lat' dir='ltr'>dedisse</span> 
     </span>
     <span class='ocr_line' id='line_1_5' title="bbox 411 1124 2350 1181; baseline 0.004 -7"><span class='ocrx_word' id='word_1_39' title='bbox 411 1133 461 1174; x_wconf 90' lang='lat' dir='ltr'>et</span> <span class='ocrx_word' id='word_1_40' title='bbox 485 1124 753 1175; x_wconf 85' lang='lat' dir='ltr'>conceffifl&#39;e</span> <span class='ocrx_word' id='word_1_41' title='bbox 789 1133 839 1175; x_wconf 93' lang='lat' dir='ltr'>et</span> <span class='ocrx_word' id='word_1_42' title='bbox 872 1128 962 1175; x_wconf 89' lang='lat' dir='ltr'>hac</span> <span class='ocrx_word' id='word_1_43' title='bbox 997 1134 1130 1176; x_wconf 85' lang='lat' dir='ltr'>carta</span> <span class='ocrx_word' id='word_1_44' title='bbox 1162 1144 1271 1175; x_wconf 87' lang='lat' dir='ltr'>mea</span> <span class='ocrx_word' id='word_1_45' title='bbox 1305 1127 1596 1177; x_wconf 73' lang='lat' dir='ltr'>confirmasse</span> <span class='ocrx_word' id='word_1_46' title='bbox 1631 1129 1847 1178; x_wconf 89' lang='lat' dir='ltr'>Roberto</span> <span class='ocrx_word' id='word_1_47' title='bbox 1883 1133 1943 1179; x_wconf 92' lang='lat' dir='ltr'>de</span> <span class='ocrx_word' id='word_1_48' title='bbox 1976 1132 2182 1180; x_wconf 77' lang='lat' dir='ltr'>Londo‘fi</span> <span class='ocrx_word' id='word_1_49' title='bbox 2215 1135 2350 1181; x_wconf 89' lang='lat' dir='ltr'>fratri</span> 
     </span>
     <span class='ocr_line' id='line_1_6' title="bbox 409 1218 2350 1283; baseline 0.004 -18"><span class='ocrx_word' id='word_1_50' title='bbox 409 1234 519 1266; x_wconf 93' lang='lat' dir='ltr'>meo</span> <span class='ocrx_word' id='word_1_51' title='bbox 560 1234 714 1265; x_wconf 92' lang='lat' dir='ltr'>unum</span> <span class='ocrx_word' id='word_1_52' title='bbox 753 1219 935 1266; x_wconf 88' lang='lat' dir='ltr'>toftum</span> <span class='ocrx_word' id='word_1_53' title='bbox 971 1219 1100 1281; x_wconf 89' lang='lat' dir='ltr'>apud</span> <span class='ocrx_word' id='word_1_54' title='bbox 1141 1218 1351 1266; x_wconf 89' lang='lat' dir='ltr'>Sconam</span> <span class='ocrx_word' id='word_1_55' title='bbox 1385 1219 1507 1267; x_wconf 92' lang='lat' dir='ltr'>illud</span> <span class='ocrx_word' id='word_1_56' title='bbox 1540 1219 1723 1268; x_wconf 90' lang='lat' dir='ltr'>scilicet</span> <span class='ocrx_word' id='word_1_57' title='bbox 1764 1223 1892 1283; x_wconf 89' lang='lat' dir='ltr'>quod</span> <span class='ocrx_word' id='word_1_58' title='bbox 1926 1223 2194 1272; x_wconf 90' lang='lat' dir='ltr'>Randolfus</span> <span class='ocrx_word' id='word_1_59' title='bbox 2226 1227 2350 1273; x_wconf 87' lang='lat' dir='ltr'>vice-</span> 
     </span>
     <span class='ocr_line' id='line_1_7' title="bbox 410 1309 2350 1376; baseline 0.004 -20"><span class='ocrx_word' id='word_1_60' title='bbox 410 1324 571 1356; x_wconf 86' lang='lat' dir='ltr'><strong>comes</strong></span> <span class='ocrx_word' id='word_1_61' title='bbox 594 1325 731 1356; x_wconf 92' lang='lat' dir='ltr'>meus</span> <span class='ocrx_word' id='word_1_62' title='bbox 755 1311 815 1356; x_wconf 90' lang='lat' dir='ltr'>de</span> <span class='ocrx_word' id='word_1_63' title='bbox 840 1309 999 1358; x_wconf 88' lang='lat' dir='ltr'>Scona</span> <span class='ocrx_word' id='word_1_64' title='bbox 1027 1310 1072 1358; x_wconf 90' lang='lat' dir='ltr'>ei</span> <span class='ocrx_word' id='word_1_65' title='bbox 1095 1311 1294 1357; x_wconf 88' lang='lat' dir='ltr'>tradidit</span> <span class='ocrx_word' id='word_1_66' title='bbox 1318 1325 1404 1371; x_wconf 88' lang='lat' dir='ltr'>per</span> <span class='ocrx_word' id='word_1_67' title='bbox 1425 1316 1711 1372; x_wconf 85' lang='lat' dir='ltr'>preceptum</span> <span class='ocrx_word' id='word_1_68' title='bbox 1739 1327 1903 1376; x_wconf 89' lang='lat' dir='ltr'>meum</span> <span class='ocrx_word' id='word_1_69' title='bbox 1953 1314 2164 1362; x_wconf 87' lang='lat' dir='ltr'>Tenend.</span> <span class='ocrx_word' id='word_1_70' title='bbox 2191 1314 2275 1363; x_wconf 86' lang='lat' dir='ltr'>fibi</span> <span class='ocrx_word' id='word_1_71' title='bbox 2300 1324 2350 1364; x_wconf 89' lang='lat' dir='ltr'>et</span> 
     </span>
     <span class='ocr_line' id='line_1_8' title="bbox 408 1399 2349 1456; baseline 0.005 -9"><span class='ocrx_word' id='word_1_72' title='bbox 408 1401 665 1448; x_wconf 87' lang='lat' dir='ltr'>heredibus</span> <span class='ocrx_word' id='word_1_73' title='bbox 688 1399 784 1448; x_wconf 90' lang='lat' dir='ltr'>suis</span> <span class='ocrx_word' id='word_1_74' title='bbox 809 1401 870 1448; x_wconf 91' lang='lat' dir='ltr'>de</span> <span class='ocrx_word' id='word_1_75' title='bbox 892 1416 972 1448; x_wconf 89' lang='lat' dir='ltr'>me</span> <span class='ocrx_word' id='word_1_76' title='bbox 995 1406 1046 1448; x_wconf 91' lang='lat' dir='ltr'>et</span> <span class='ocrx_word' id='word_1_77' title='bbox 1068 1401 1327 1448; x_wconf 86' lang='lat' dir='ltr'>heredibus</span> <span class='ocrx_word' id='word_1_78' title='bbox 1350 1402 1470 1448; x_wconf 92' lang='lat' dir='ltr'>meis</span> <span class='ocrx_word' id='word_1_79' title='bbox 1493 1403 1545 1448; x_wconf 90' lang='lat' dir='ltr'>in</span> <span class='ocrx_word' id='word_1_80' title='bbox 1567 1402 1707 1449; x_wconf 89' lang='lat' dir='ltr'>feodo</span> <span class='ocrx_word' id='word_1_81' title='bbox 1731 1409 1781 1450; x_wconf 91' lang='lat' dir='ltr'>et</span> <span class='ocrx_word' id='word_1_82' title='bbox 1803 1405 2074 1453; x_wconf 90' lang='lat' dir='ltr'>hereditate</span> <span class='ocrx_word' id='word_1_83' title='bbox 2098 1405 2179 1454; x_wconf 91' lang='lat' dir='ltr'>Ita</span> <span class='ocrx_word' id='word_1_84' title='bbox 2200 1407 2349 1456; x_wconf 91' lang='lat' dir='ltr'>libere</span> 
     </span>
     <span class='ocr_line' id='line_1_9' title="bbox 408 1479 2351 1554; baseline 0.004 -15"><span class='ocrx_word' id='word_1_85' title='bbox 408 1498 459 1539; x_wconf 89' lang='lat' dir='ltr'>et</span> <span class='ocrx_word' id='word_1_86' title='bbox 499 1494 664 1554; x_wconf 88' lang='lat' dir='ltr'>quiete</span> <span class='ocrx_word' id='word_1_87' title='bbox 704 1498 755 1540; x_wconf 93' lang='lat' dir='ltr'>et</span> <span class='ocrx_word' id='word_1_88' title='bbox 794 1492 1055 1540; x_wconf 89' lang='lat' dir='ltr'>honorifice</span> <span class='ocrx_word' id='word_1_89' title='bbox 1097 1489 1220 1539; x_wconf 88' lang='lat' dir='ltr'>ficut</span> <span class='ocrx_word' id='word_1_90' title='bbox 1265 1492 1347 1539; x_wconf 88' lang='lat' dir='ltr'>alii</span> <span class='ocrx_word' id='word_1_91' title='bbox 1392 1492 1593 1540; x_wconf 88' lang='lat' dir='ltr'>barones</span> <span class='ocrx_word' id='word_1_92' title='bbox 1641 1495 1738 1541; x_wconf 87' lang='lat' dir='ltr'>mei</span> <span class='ocrx_word' id='word_1_93' title='bbox 1788 1496 1913 1543; x_wconf 87' lang='lat' dir='ltr'>tofta</span> <span class='ocrx_word' id='word_1_94' title='bbox 1951 1494 2033 1543; x_wconf 90' lang='lat' dir='ltr'>sua</span> <span class='ocrx_word' id='word_1_95' title='bbox 2071 1479 2266 1545; x_wconf 80' lang='lat' dir='ltr'>liberius</span> <span class='ocrx_word' id='word_1_96' title='bbox 2301 1506 2351 1546; x_wconf 87' lang='lat' dir='ltr'>et</span> 
     </span>
     <span class='ocr_line' id='line_1_10' title="bbox 408 1584 2352 1645; baseline 0.003 -14"><span class='ocrx_word' id='word_1_97' title='bbox 408 1585 619 1645; x_wconf 86' lang='lat' dir='ltr'>quietius</span> <span class='ocrx_word' id='word_1_98' title='bbox 644 1590 695 1631; x_wconf 92' lang='lat' dir='ltr'>et</span> <span class='ocrx_word' id='word_1_99' title='bbox 718 1584 1112 1631; x_wconf 89' lang='lat' dir='ltr'>honorificentius</span> <span class='ocrx_word' id='word_1_100' title='bbox 1137 1584 1197 1630; x_wconf 90' lang='lat' dir='ltr'>de</span> <span class='ocrx_word' id='word_1_101' title='bbox 1219 1598 1299 1631; x_wconf 88' lang='lat' dir='ltr'>me</span> <span class='ocrx_word' id='word_1_102' title='bbox 1322 1590 1493 1631; x_wconf 88' lang='lat' dir='ltr'>tenent</span> <span class='ocrx_word' id='word_1_103' title='bbox 1517 1586 1567 1632; x_wconf 91' lang='lat' dir='ltr'>in</span> <span class='ocrx_word' id='word_1_104' title='bbox 1591 1585 1695 1633; x_wconf 91' lang='lat' dir='ltr'>aliis</span> <span class='ocrx_word' id='word_1_105' title='bbox 1728 1587 1954 1635; x_wconf 86' lang='lat' dir='ltr'>maneriis</span> <span class='ocrx_word' id='word_1_106' title='bbox 1982 1589 2102 1635; x_wconf 91' lang='lat' dir='ltr'>meis</span> <span class='ocrx_word' id='word_1_107' title='bbox 2135 1588 2352 1638; x_wconf 85' lang='lat' dir='ltr'>Testibus</span> 
     </span>
     <span class='ocr_line' id='line_1_11' title="bbox 407 1672 2351 1727; baseline 0.003 -6"><span class='ocrx_word' id='word_1_108' title='bbox 407 1674 492 1722; x_wconf 92' lang='lat' dir='ltr'>W.</span> <span class='ocrx_word' id='word_1_109' title='bbox 510 1676 569 1723; x_wconf 91' lang='lat' dir='ltr'>de</span> <span class='ocrx_word' id='word_1_110' title='bbox 588 1672 747 1722; x_wconf 77' lang='lat' dir='ltr'>Bosch</span> <span class='ocrx_word' id='word_1_111' title='bbox 767 1673 956 1723; x_wconf 70' lang='lat' dir='ltr'>cancell</span> <span class='ocrx_word' id='word_1_112' title='bbox 972 1690 1081 1722; x_wconf 94' lang='lat' dir='ltr'>meo</span> <span class='ocrx_word' id='word_1_113' title='bbox 1099 1673 1258 1721; x_wconf 78' lang='lat' dir='ltr'>Wiflo</span> <span class='ocrx_word' id='word_1_114' title='bbox 1277 1677 1408 1722; x_wconf 82' lang='lat' dir='ltr'>cumi</span> <span class='ocrx_word' id='word_1_115' title='bbox 1426 1675 1532 1722; x_wconf 72' lang='lat' dir='ltr'>coffi</span> <span class='ocrx_word' id='word_1_116' title='bbox 1552 1677 1611 1723; x_wconf 93' lang='lat' dir='ltr'>de</span> <span class='ocrx_word' id='word_1_117' title='bbox 1629 1676 1832 1725; x_wconf 88' lang='lat' dir='ltr'>Buchan</span> <span class='ocrx_word' id='word_1_118' title='bbox 1845 1677 1879 1725; x_wconf 86' lang='lat' dir='ltr'><strong>J</strong></span> <span class='ocrx_word' id='word_1_119' title='bbox 1881 1676 2020 1726; x_wconf 55' lang='lat' dir='ltr'>ustio*</span> <span class='ocrx_word' id='word_1_120' title='bbox 2037 1678 2189 1727; x_wconf 90' lang='lat' dir='ltr'>scocie</span> <span class='ocrx_word' id='word_1_121' title='bbox 2197 1678 2351 1727; x_wconf 77' lang='lat' dir='ltr'>Wiflo</span> 
     </span>
     <span class='ocr_line' id='line_1_12' title="bbox 406 1747 2351 1831; baseline 0.001 -15"><span class='ocrx_word' id='word_1_122' title='bbox 406 1766 669 1831; x_wconf 31' lang='lat' dir='ltr'>de-Valon.</span> <span class='ocrx_word' id='word_1_123' title='bbox 706 1747 865 1814; x_wconf 67' lang='lat' dir='ltr'>caffiaf</span> <span class='ocrx_word' id='word_1_124' title='bbox 897 1782 1007 1813; x_wconf 89' lang='lat' dir='ltr'>meo</span> <span class='ocrx_word' id='word_1_125' title='bbox 1031 1765 1193 1814; x_wconf 87' lang='lat' dir='ltr'>Adam</span> <span class='ocrx_word' id='word_1_126' title='bbox 1227 1764 1284 1813; x_wconf 71' lang='lat' dir='ltr'>fit</span> <span class='ocrx_word' id='word_1_127' title='bbox 1318 1766 1482 1815; x_wconf 74' lang='lat' dir='ltr'>Gilleb</span> <span class='ocrx_word' id='word_1_128' title='bbox 1517 1767 1735 1815; x_wconf 88' lang='lat' dir='ltr'>Galfrido</span> <span class='ocrx_word' id='word_1_129' title='bbox 1769 1769 1872 1821; x_wconf 68' lang='lat' dir='ltr'>filio,</span> <span class='ocrx_word' id='word_1_130' title='bbox 1892 1769 2086 1818; x_wconf 90' lang='lat' dir='ltr'>Ricardi</span> <span class='ocrx_word' id='word_1_131' title='bbox 2108 1770 2259 1817; x_wconf 74' lang='lat' dir='ltr'>Thosri</span> <span class='ocrx_word' id='word_1_132' title='bbox 2292 1773 2351 1819; x_wconf 93' lang='lat' dir='ltr'>de</span> 
     </span>
     <span class='ocr_line' id='line_1_13' title="bbox 407 1858 1846 1922; baseline -0.001 -15"><span class='ocrx_word' id='word_1_133' title='bbox 407 1858 604 1907; x_wconf 89' lang='lat' dir='ltr'>Lundin</span> <span class='ocrx_word' id='word_1_134' title='bbox 626 1858 805 1906; x_wconf 65' lang='lat' dir='ltr'>hostia?</span> <span class='ocrx_word' id='word_1_135' title='bbox 872 1858 1023 1922; x_wconf 90' lang='lat' dir='ltr'>Apud</span> <span class='ocrx_word' id='word_1_136' title='bbox 1046 1858 1331 1921; x_wconf 86' lang='lat' dir='ltr'>Edinburgh</span> <span class='ocrx_word' id='word_1_137' title='bbox 1355 1864 1525 1921; x_wconf 89' lang='lat' dir='ltr'>quarto</span> <span class='ocrx_word' id='word_1_138' title='bbox 1550 1859 1627 1906; x_wconf 92' lang='lat' dir='ltr'>die</span> <span class='ocrx_word' id='word_1_139' title='bbox 1650 1858 1846 1921; x_wconf 88' lang='lat' dir='ltr'>Aprilis.</span> 
     </span>
    </p>
   </div>
   <div class='ocr_carea' id='block_1_4' title="bbox 409 2041 1503 2106">
    <p class='ocr_par' dir='ltr' id='par_1_4' title="bbox 409 2041 1503 2106">
     <span class='ocr_line' id='line_1_14' title="bbox 409 2041 1503 2106; baseline -0.003 -14"><span class='ocrx_word' id='word_1_140' title='bbox 409 2042 557 2094; x_wconf 81' lang='lat' dir='ltr'>Carta</span> <span class='ocrx_word' id='word_1_141' title='bbox 578 2041 850 2091; x_wconf 87' lang='lat' dir='ltr'>Alexandri</span> <span class='ocrx_word' id='word_1_142' title='bbox 874 2042 1024 2106; x_wconf 90' lang='lat' dir='ltr'>Regis</span> <span class='ocrx_word' id='word_1_143' title='bbox 1049 2043 1108 2090; x_wconf 91' lang='lat' dir='ltr'>de</span> <span class='ocrx_word' id='word_1_144' title='bbox 1131 2048 1261 2090; x_wconf 89' lang='lat' dir='ltr'>terra</span> <span class='ocrx_word' id='word_1_145' title='bbox 1284 2042 1344 2089; x_wconf 91' lang='lat' dir='ltr'>de</span> <span class='ocrx_word' id='word_1_146' title='bbox 1368 2041 1503 2089; x_wconf 85' lang='lat' dir='ltr'>Clen.</span> 
     </span>
    </p>
   </div>
   <div class='ocr_carea' id='block_1_5' title="bbox 316 2208 2349 2839">
    <p class='ocr_par' dir='ltr' id='par_1_5' title="bbox 316 2208 2349 2839">
     <span class='ocr_line' id='line_1_15' title="bbox 316 2208 2347 2288; baseline 0.001 -17"><span class='ocrx_word' id='word_1_147' title='bbox 316 2221 376 2271; x_wconf 85' lang='lat'>69</span> <span class='ocrx_word' id='word_1_148' title='bbox 411 2208 710 2275; x_wconf 87' lang='lat' dir='ltr'>Alexander</span> <span class='ocrx_word' id='word_1_149' title='bbox 754 2225 850 2273; x_wconf 93' lang='lat' dir='ltr'>Dei</span> <span class='ocrx_word' id='word_1_150' title='bbox 894 2227 1049 2288; x_wconf 87' lang='lat' dir='ltr'>gratia</span> <span class='ocrx_word' id='word_1_151' title='bbox 1093 2225 1203 2272; x_wconf 90' lang='lat' dir='ltr'>Rex</span> <span class='ocrx_word' id='word_1_152' title='bbox 1244 2224 1525 2272; x_wconf 84' lang='lat' dir='ltr'>Scottorum</span> <span class='ocrx_word' id='word_1_153' title='bbox 1595 2224 1834 2273; x_wconf 87' lang='lat' dir='ltr'>Omnibus</span> <span class='ocrx_word' id='word_1_154' title='bbox 1873 2226 2034 2288; x_wconf 85' lang='lat' dir='ltr'>probis</span> <span class='ocrx_word' id='word_1_155' title='bbox 2078 2227 2347 2275; x_wconf 89' lang='lat' dir='ltr'>hominibus</span> 
     </span>
     <span class='ocr_line' id='line_1_16' title="bbox 409 2314 2348 2377; baseline 0 -12"><span class='ocrx_word' id='word_1_156' title='bbox 409 2319 561 2365; x_wconf 90' lang='lat' dir='ltr'>totius</span> <span class='ocrx_word' id='word_1_157' title='bbox 584 2323 712 2364; x_wconf 86' lang='lat' dir='ltr'>terre</span> <span class='ocrx_word' id='word_1_158' title='bbox 734 2315 815 2364; x_wconf 92' lang='lat' dir='ltr'>sue</span> <span class='ocrx_word' id='word_1_159' title='bbox 832 2315 1037 2364; x_wconf 89' lang='lat' dir='ltr'>salutem</span> <span class='ocrx_word' id='word_1_160' title='bbox 1061 2316 1235 2364; x_wconf 86' lang='lat' dir='ltr'>Sciatis</span> <span class='ocrx_word' id='word_1_161' title='bbox 1260 2316 1388 2377; x_wconf 92' lang='lat' dir='ltr'>quod</span> <span class='ocrx_word' id='word_1_162' title='bbox 1411 2314 1721 2364; x_wconf 87' lang='lat' dir='ltr'>conceffimus</span> <span class='ocrx_word' id='word_1_163' title='bbox 1744 2315 1931 2364; x_wconf 86' lang='lat' dir='ltr'>Abbati</span> <span class='ocrx_word' id='word_1_164' title='bbox 1955 2322 2005 2363; x_wconf 89' lang='lat' dir='ltr'>et</span> <span class='ocrx_word' id='word_1_165' title='bbox 2028 2319 2266 2365; x_wconf 90' lang='lat' dir='ltr'>canonicis</span> <span class='ocrx_word' id='word_1_166' title='bbox 2290 2319 2348 2364; x_wconf 89' lang='lat' dir='ltr'>de</span> 
     </span>
     <span class='ocr_line' id='line_1_17' title="bbox 414 2394 2347 2470; baseline -0.001 -14"><span class='ocrx_word' id='word_1_167' title='bbox 414 2408 546 2457; x_wconf 78' lang='lat' dir='ltr'>Sco&#39;fi</span> <span class='ocrx_word' id='word_1_168' title='bbox 563 2414 621 2455; x_wconf 94' lang='lat' dir='ltr'>ut</span> <span class='ocrx_word' id='word_1_169' title='bbox 638 2414 817 2455; x_wconf 86' lang='lat' dir='ltr'>terram</span> <span class='ocrx_word' id='word_1_170' title='bbox 833 2407 967 2455; x_wconf 90' lang='lat' dir='ltr'>suam</span> <span class='ocrx_word' id='word_1_171' title='bbox 987 2408 1047 2455; x_wconf 92' lang='lat' dir='ltr'>de</span> <span class='ocrx_word' id='word_1_172' title='bbox 1062 2406 1186 2455; x_wconf 77' lang='lat' dir='ltr'>Clefi</span> <span class='ocrx_word' id='word_1_173' title='bbox 1207 2407 1418 2455; x_wconf 89' lang='lat' dir='ltr'>habeant</span> <span class='ocrx_word' id='word_1_174' title='bbox 1441 2408 1493 2454; x_wconf 91' lang='lat' dir='ltr'>in</span> <span class='ocrx_word' id='word_1_175' title='bbox 1508 2394 1809 2455; x_wconf 87' lang='lat' dir='ltr'>Warennam</span> <span class='ocrx_word' id='word_1_176' title='bbox 1866 2407 2026 2464; x_wconf 82' lang='lat' dir='ltr'>Quare</span> <span class='ocrx_word' id='word_1_177' title='bbox 2044 2408 2347 2470; x_wconf 90' lang='lat' dir='ltr'>prohibemus</span> 
     </span>
     <span class='ocr_line' id='line_1_18' title="bbox 410 2496 2349 2561; baseline -0.001 -13"><span class='ocrx_word' id='word_1_178' title='bbox 410 2501 615 2548; x_wconf 90' lang='lat' dir='ltr'>firmiter</span> <span class='ocrx_word' id='word_1_179' title='bbox 648 2516 711 2547; x_wconf 91' lang='lat' dir='ltr'>ne</span> <span class='ocrx_word' id='word_1_180' title='bbox 735 2500 841 2561; x_wconf 91' lang='lat' dir='ltr'>quis</span> <span class='ocrx_word' id='word_1_181' title='bbox 874 2500 925 2546; x_wconf 92' lang='lat' dir='ltr'>in</span> <span class='ocrx_word' id='word_1_182' title='bbox 959 2500 1128 2546; x_wconf 90' lang='lat' dir='ltr'>eadem</span> <span class='ocrx_word' id='word_1_183' title='bbox 1161 2504 1291 2546; x_wconf 83' lang='lat' dir='ltr'>terra</span> <span class='ocrx_word' id='word_1_184' title='bbox 1313 2496 1418 2546; x_wconf 90' lang='lat' dir='ltr'>fine</span> <span class='ocrx_word' id='word_1_185' title='bbox 1454 2514 1623 2546; x_wconf 90' lang='lat' dir='ltr'>eorum</span> <span class='ocrx_word' id='word_1_186' title='bbox 1658 2499 1856 2547; x_wconf 90' lang='lat' dir='ltr'>licentia</span> <span class='ocrx_word' id='word_1_187' title='bbox 1888 2498 2017 2547; x_wconf 91' lang='lat' dir='ltr'>secet</span> <span class='ocrx_word' id='word_1_188' title='bbox 2040 2506 2124 2547; x_wconf 85' lang='lat' dir='ltr'>aut</span> <span class='ocrx_word' id='word_1_189' title='bbox 2148 2506 2349 2547; x_wconf 86' lang='lat' dir='ltr'>venetur</span> 
     </span>
     <span class='ocr_line' id='line_1_19' title="bbox 409 2588 2347 2655; baseline -0.002 -15"><span class='ocrx_word' id='word_1_190' title='bbox 409 2591 551 2655; x_wconf 90' lang='lat' dir='ltr'>super</span> <span class='ocrx_word' id='word_1_191' title='bbox 572 2588 782 2639; x_wconf 85' lang='lat' dir='ltr'>nostram</span> <span class='ocrx_word' id='word_1_192' title='bbox 804 2590 1068 2652; x_wconf 88' lang='lat' dir='ltr'>plenariam</span> <span class='ocrx_word' id='word_1_193' title='bbox 1086 2588 1429 2638; x_wconf 68' lang='lat' dir='ltr'>forisfacturam</span> <span class='ocrx_word' id='word_1_194' title='bbox 1448 2591 1615 2638; x_wconf 89' lang='lat' dir='ltr'>decem</span> <span class='ocrx_word' id='word_1_195' title='bbox 1633 2590 1863 2639; x_wconf 88' lang='lat' dir='ltr'>librarum</span> <span class='ocrx_word' id='word_1_196' title='bbox 1884 2588 2101 2638; x_wconf 89' lang='lat' dir='ltr'>Testibus</span> <span class='ocrx_word' id='word_1_197' title='bbox 2116 2588 2347 2653; x_wconf 87' lang='lat' dir='ltr'>Magistro</span> 
     </span>
     <span class='ocr_line' id='line_1_20' title="bbox 410 2673 2344 2732; baseline -0.004 0"><span class='ocrx_word' id='word_1_198' title='bbox 410 2683 617 2732; x_wconf 89' lang='lat' dir='ltr'>Matheo</span> <span class='ocrx_word' id='word_1_199' title='bbox 641 2682 926 2731; x_wconf 89' lang='lat' dir='ltr'>cancellario</span> <span class='ocrx_word' id='word_1_200' title='bbox 951 2681 1205 2729; x_wconf 91' lang='lat' dir='ltr'>Willelmo</span> <span class='ocrx_word' id='word_1_201' title='bbox 1229 2681 1408 2729; x_wconf 84' lang='lat' dir='ltr'>Oumin</span> <span class='ocrx_word' id='word_1_202' title='bbox 1426 2682 1604 2729; x_wconf 90' lang='lat' dir='ltr'>comite</span> <span class='ocrx_word' id='word_1_203' title='bbox 1628 2682 1687 2728; x_wconf 93' lang='lat' dir='ltr'>de</span> <span class='ocrx_word' id='word_1_204' title='bbox 1705 2680 1908 2728; x_wconf 89' lang='lat' dir='ltr'>Buchan</span> <span class='ocrx_word' id='word_1_205' title='bbox 1931 2676 2184 2727; x_wconf 87' lang='lat' dir='ltr'>iusticiario</span> <span class='ocrx_word' id='word_1_206' title='bbox 2201 2673 2344 2727; x_wconf 85' lang='lat' dir='ltr'>scotie</span> 
     </span>
     <span class='ocr_line' id='line_1_21' title="bbox 410 2751 2089 2839; baseline -0.004 -16"><span class='ocrx_word' id='word_1_207' title='bbox 410 2775 562 2839; x_wconf 88' lang='lat' dir='ltr'>Apud</span> <span class='ocrx_word' id='word_1_208' title='bbox 586 2775 796 2824; x_wconf 84' lang='lat' dir='ltr'>Sconam</span> <span class='ocrx_word' id='word_1_209' title='bbox 812 2751 885 2836; x_wconf 41' lang='lat' dir='ltr'>&#39;xij</span> <span class='ocrx_word' id='word_1_210' title='bbox 912 2774 989 2821; x_wconf 91' lang='lat' dir='ltr'>die</span> <span class='ocrx_word' id='word_1_211' title='bbox 1013 2773 1259 2835; x_wconf 88' lang='lat' dir='ltr'>Februarij</span> <span class='ocrx_word' id='word_1_212' title='bbox 1285 2771 1434 2820; x_wconf 92' lang='lat' dir='ltr'>Anno</span> <span class='ocrx_word' id='word_1_213' title='bbox 1458 2772 1618 2836; x_wconf 87' lang='lat' dir='ltr'>Regni</span> <span class='ocrx_word' id='word_1_214' title='bbox 1642 2772 1824 2819; x_wconf 90' lang='lat' dir='ltr'>domini</span> <span class='ocrx_word' id='word_1_215' title='bbox 1847 2772 1971 2834; x_wconf 86' lang='lat' dir='ltr'>regis</span> <span class='ocrx_word' id='word_1_216' title='bbox 1994 2770 2089 2831; x_wconf 84' lang='lat' dir='ltr'>ij.</span> 
     </span>
    </p>
   </div>
   <div class='ocr_carea' id='block_1_6' title="bbox 318 2956 2338 3203">
    <p class='ocr_par' dir='ltr' id='par_1_6' title="bbox 318 2956 2338 3203">
     <span class='ocr_line' id='line_1_22' title="bbox 407 2956 1459 3020; baseline -0.004 -13"><span class='ocrx_word' id='word_1_217' title='bbox 407 2958 558 3012; x_wconf 86' lang='lat' dir='ltr'>Carta</span> <span class='ocrx_word' id='word_1_218' title='bbox 580 2957 850 3005; x_wconf 87' lang='lat' dir='ltr'>Alexandri</span> <span class='ocrx_word' id='word_1_219' title='bbox 873 2956 1022 3020; x_wconf 88' lang='lat' dir='ltr'>Regis</span> <span class='ocrx_word' id='word_1_220' title='bbox 1046 2957 1107 3004; x_wconf 89' lang='lat' dir='ltr'>de</span> <span class='ocrx_word' id='word_1_221' title='bbox 1128 2957 1426 3019; x_wconf 59' lang='lat' dir='ltr'>protectione</span> <span class='ocrx_word' id='word_1_222' title='bbox 1449 2981 1459 2991; x_wconf 93' lang='lat'><strong>·</strong></span> 
     </span>
     <span class='ocr_line' id='line_1_23' title="bbox 318 3126 2338 3203; baseline -0.006 -12"><span class='ocrx_word' id='word_1_223' title='bbox 318 3147 379 3194; x_wconf 87' lang='lat'>70</span> <span class='ocrx_word' id='word_1_224' title='bbox 412 3126 562 3191; x_wconf 67' lang='lat' dir='ltr'>Alex</span> <span class='ocrx_word' id='word_1_225' title='bbox 581 3141 658 3188; x_wconf 91' lang='lat' dir='ltr'>dei</span> <span class='ocrx_word' id='word_1_226' title='bbox 675 3140 760 3203; x_wconf 68' lang='lat' dir='ltr'>g‘fa</span> <span class='ocrx_word' id='word_1_227' title='bbox 777 3139 886 3188; x_wconf 87' lang='lat' dir='ltr'>Rex</span> <span class='ocrx_word' id='word_1_228' title='bbox 904 3138 1045 3187; x_wconf 75' lang='lat' dir='ltr'><strong>Scott</strong></span> <span class='ocrx_word' id='word_1_229' title='bbox 1062 3165 1073 3176; x_wconf 93' lang='lat'><strong>·</strong></span> <span class='ocrx_word' id='word_1_230' title='bbox 1088 3138 1327 3187; x_wconf 85' lang='lat' dir='ltr'>Omnibus</span> <span class='ocrx_word' id='word_1_231' title='bbox 1344 3137 1504 3200; x_wconf 90' lang='lat' dir='ltr'>probis</span> <span class='ocrx_word' id='word_1_232' title='bbox 1521 3134 1791 3182; x_wconf 88' lang='lat' dir='ltr'>hominibus</span> <span class='ocrx_word' id='word_1_233' title='bbox 1807 3131 1968 3181; x_wconf 86' lang='lat' dir='ltr'>tocius</span> <span class='ocrx_word' id='word_1_234' title='bbox 1980 3137 2107 3180; x_wconf 90' lang='lat' dir='ltr'>terre</span> <span class='ocrx_word' id='word_1_235' title='bbox 2123 3130 2205 3180; x_wconf 88' lang='lat' dir='ltr'>sue</span> <span class='ocrx_word' id='word_1_236' title='bbox 2222 3131 2310 3179; x_wconf 72' lang='lat' dir='ltr'>salt</span> <span class='ocrx_word' id='word_1_237' title='bbox 2329 3158 2338 3168; x_wconf 94' lang='lat'><strong>·</strong></span> 
     </span>
    </p>
   </div>
   <div class='ocr_carea' id='block_1_7' title="bbox 413 3215 2378 3389">
    <p class='ocr_par' dir='ltr' id='par_1_7' title="bbox 413 3215 2378 3389">
     <span class='ocr_line' id='line_1_24' title="bbox 413 3215 2378 3286; baseline -0.005 -4"><span class='ocrx_word' id='word_1_238' title='bbox 413 3234 589 3283; x_wconf 86' lang='lat' dir='ltr'>Sciatis</span> <span class='ocrx_word' id='word_1_239' title='bbox 623 3246 711 3279; x_wconf 91' lang='lat' dir='ltr'>nos</span> <span class='ocrx_word' id='word_1_240' title='bbox 750 3229 1004 3279; x_wconf 88' lang='lat' dir='ltr'>canonicos</span> <span class='ocrx_word' id='word_1_241' title='bbox 1036 3230 1097 3277; x_wconf 90' lang='lat' dir='ltr'>de</span> <span class='ocrx_word' id='word_1_242' title='bbox 1136 3216 1265 3277; x_wconf 71' lang='lat' dir='ltr'>Scoii</span> <span class='ocrx_word' id='word_1_243' title='bbox 1288 3255 1298 3266; x_wconf 90' lang='lat'><strong>·</strong></span> <span class='ocrx_word' id='word_1_244' title='bbox 1321 3237 1355 3275; x_wconf 56' lang='lat' dir='ltr'>*t</span> <span class='ocrx_word' id='word_1_245' title='bbox 1389 3243 1483 3285; x_wconf 66' lang='grc'>6011</span> <span class='ocrx_word' id='word_1_246' title='bbox 1516 3225 1776 3273; x_wconf 84' lang='lat' dir='ltr'>seruientes</span> <span class='ocrx_word' id='word_1_247' title='bbox 1816 3224 2041 3286; x_wconf 55' lang='lat' dir='ltr'>ubicunq„</span> <span class='ocrx_word' id='word_1_248' title='bbox 2078 3215 2257 3271; x_wconf 84' lang='lat' dir='ltr'>fuerint</span> <span class='ocrx_word' id='word_1_249' title='bbox 2290 3225 2340 3270; x_wconf 88' lang='lat' dir='ltr'>in</span> <span class='ocrx_word' id='word_1_250' title='bbox 2371 3266 2378 3272; x_wconf 96' lang='lat'>.</span> 
     </span>
     <span class='ocr_line' id='line_1_25' title="bbox 414 3314 2340 3389; baseline -0.007 -15"><span class='ocrx_word' id='word_1_251' title='bbox 414 3326 585 3389; x_wconf 87' lang='lat' dir='ltr'>Regno</span> <span class='ocrx_word' id='word_1_252' title='bbox 618 3324 706 3371; x_wconf 69' lang='lat' dir='ltr'>nfo</span> <span class='ocrx_word' id='word_1_253' title='bbox 739 3337 823 3384; x_wconf 93' lang='lat' dir='ltr'>pro</span> <span class='ocrx_word' id='word_1_254' title='bbox 856 3321 1068 3384; x_wconf 88' lang='lat' dir='ltr'>negociis</span> <span class='ocrx_word' id='word_1_255' title='bbox 1102 3320 1272 3368; x_wconf 90' lang='lat' dir='ltr'>domus</span> <span class='ocrx_word' id='word_1_256' title='bbox 1301 3319 1384 3368; x_wconf 87' lang='lat' dir='ltr'>sue</span> <span class='ocrx_word' id='word_1_257' title='bbox 1418 3314 1691 3380; x_wconf 79' lang='lat' dir='ltr'>expediend</span> <span class='ocrx_word' id='word_1_258' title='bbox 1714 3341 1725 3353; x_wconf 89' lang='lat'><strong>·</strong></span> <span class='ocrx_word' id='word_1_259' title='bbox 1745 3314 1830 3363; x_wconf 90' lang='lat' dir='ltr'>sub</span> <span class='ocrx_word' id='word_1_260' title='bbox 1864 3316 2000 3363; x_wconf 88' lang='lat' dir='ltr'>firma</span> <span class='ocrx_word' id='word_1_261' title='bbox 2030 3330 2148 3378; x_wconf 90' lang='lat' dir='ltr'>pace</span> <span class='ocrx_word' id='word_1_262' title='bbox 2170 3323 2203 3360; x_wconf 58' lang='lat' dir='ltr'>*t</span> <span class='ocrx_word' id='word_1_263' title='bbox 2235 3329 2340 3376; x_wconf 89' lang='lat' dir='ltr'>pro-</span> 
     </span>
    </p>
   </div>
  </div>
 </body>
</html>
