2982 4016
330 1505 422 1553 109

462 552 577 586 REG.
602 553 752 587 ALEX.
778 553 854 586 111.
1004 539 1054 587 S.
1089 537 1487 602 TRINITATIS
1522 538 1614 586 DE
1651 537 1846 587 SCON.
2344 545 2403 591 73

460 668 582 717 solid
602 679 636 717 *b
659 673 765 718 οὸὶο
789 672 938 719 denar
965 698 976 710 ·
999 670 1202 719 Tenend
1223 680 1257 718 *b
1280 669 1494 718 Habend
1518 671 1607 719 dc‘o
1630 671 1663 718 J
1665 669 1747 718 obi
1772 670 2038 733 Sparetunt
2059 677 2093 716 *t
2116 668 2286 732 hedib3
2308 670 2402 719 suis

459 763 521 810 de
554 751 681 826 βᾶόο
716 751 861 828 Βοέο
891 771 925 809 ’ἲ
951 761 1123 825 hedib3
1155 761 1251 810 suis
1282 799 1292 809 .
1324 763 1394 809 ita
1426 762 1525 809 libe
1548 789 1560 800 ·
1586 764 1748 824 quiete
1771 787 1783 799 ·
1813 762 1983 824 plena?
2006 787 2017 798 ·
2039 769 2073 808 *t
2106 762 2365 809 honorifice
2390 790 2399 799 ·

459 850 581 900 ficut
614 860 746 902 carta
778 856 854 901 dci
890 843 1022 920 Βοέἰ
1058 843 1182 918 βᾶόο
1213 852 1330 900 Johi
1366 854 1540 901 exinde
1572 855 1789 902 confecta
1818 854 1979 916 pleni9
2001 851 2131 916 juste
2159 851 2365 901 testatur
2388 882 2398 891 ·

459 944 605 993 Salvo
628 928 784 994 §svicio
815 947 903 994 nfo
927 974 938 985 ·
964 945 1078 994 Test
1103 982 1114 993 .
1140 927 1319 994 WalPo
1344 945 1534 1007 Cumyn
1558 945 1683 993 Goffi
1707 947 1767 993 de
1791 944 2000 993 Meneth
2025 944 2132 991 --W
2156 971 2166 981 ·
2192 944 2316 992 Cosii
2341 947 2401 992 de

459 1035 598 1084 Mar?
623 1065 632 1074 ·
658 1045 691 1084 ”c
715 1037 838 1103 Ηυξ
862 1039 921 1086 de
945 1037 1190 1101 Berkeley
1212 1036 1326 1086 Just
1351 1036 1549 1108 Laodofi
1573 1062 1585 1074 ·
1611 1035 1706 1099 apd
1731 1036 1881 1096 Perth
1904 1062 1915 1073 ·
1940 1038 2052 1084 xvito
2078 1038 2156 1084 die
2181 1037 2364 1085 Octobr
2389 1066 2397 1074 -

458 1128 595 1176 Anni
618 1129 777 1193 Regni
800 1131 876 1178 n1“·i
901 1131 1088 1177 decimo
1113 1165 1124 1176 .

458 1310 604 1359 Carta
626 1311 821 1359 Ricardi
846 1309 1067 1373 Episcopi
1092 1307 1448 1357 Dunkeldenfis
1473 1311 1532 1357 de
1557 1288 1880 1373 Logymahed.

457 1479 711 1543 Ricardus
743 1496 820 1542 dei
853 1495 1014 1558 gracia
1045 1491 1243 1542 ecclefie
1267 1487 1627 1540 Dunkeldenfis
1652 1490 1915 1554 Episcopus
1940 1490 2187 1540 Univerfis
2222 1493 2399 1542 Sancte

455 1586 633 1634 Matris
657 1583 855 1634 ecclefie
877 1587 988 1633 filiis
1012 1586 1231 1634 Salutem
1257 1611 1268 1622 ·
1293 1585 1426 1633 Sciat
1449 1581 1733 1631 univerfitas
1757 1582 1913 1632 vestra
1945 1599 2033 1632 nos
2057 1582 2325 1632 conceffiss'e
2349 1592 2400 1632 et

453 1676 664 1740 presenti
704 1684 838 1726 carta
877 1675 1172 1726 confirmasse
1212 1677 1375 1724 abbati
1417 1677 1477 1724 de
1515 1676 1673 1724 Scona
1707 1682 1758 1723 et
1799 1677 2041 1724 canonicis
2079 1676 2260 1724 ibidem
2291 1676 2398 1724 Deo

454 1768 769 1817 servientibus
802 1776 853 1817 et
883 1767 1128 1817 servituris
1157 1770 1209 1816 in
1240 1769 1441 1816 liberam
1471 1783 1641 1830 puram
1679 1773 1729 1815 et
1768 1773 2051 1830 perpetuam
2092 1765 2398 1816 elemofinam

454 1860 703 1910 ecclefiam
727 1863 787 1910 de
806 1862 942 1925 Logy
958 1861 1132 1909 mehed
1156 1861 1207 1908 in
1231 1859 1454 1907 Athollia
1476 1875 1586 1907 cum
1609 1859 1835 1921 plenariis
1858 1859 2055 1907 decimis
2078 1864 2129 1907 et
2152 1859 2397 1907 beneficiis

453 1960 503 2001 et
528 1954 920 2003 Reffltudinibus
944 1955 1005 2001 ad
1029 1954 1231 2001 eandem
1266 1949 1513 2000 ecclesiam
1540 1949 1671 2013 juste
1705 1949 2058 2014 pertinentibus
2081 1950 2308 1998 videlicet
2337 1952 2396 1997 de

451 2046 585 2093 Rath
609 2062 702 2108 que
721 2044 792 2094 est
809 2046 964 2109 capud
988 2046 1247 2093 comitatus
1266 2050 1317 2092 et
1336 2044 1396 2090 de
1413 2047 1520 2090 toto
1538 2043 1796 2105 thaynagio
1815 2043 1875 2090 de
1893 2042 2201 2104 Dulmouych
2221 2068 2231 2079 ·
2252 2042 2317 2089 Et
2336 2043 2396 2089 de

451 2143 557 2184 toto
575 2139 833 2201 thaynagio
852 2139 911 2184 de
929 2137 1266 2184 ffandiuieuith
1282 2141 1332 2182 et
1347 2149 1458 2182 cum
1477 2133 1671 2195 capellis
1685 2131 1786 2180 istis
1802 2162 1812 2172 ·
1831 2133 2034 2196 kilkeuy
2050 2161 2061 2172 ·
2078 2133 2393 2195 Dulfolunty·

451 2228 948 2293 kelcaffy·kylmichel
969 2230 1029 2276 de
1043 2229 1319 2276 Tulichmat
1337 2233 1387 2274 et
1405 2225 1627 2272 omnibus
1644 2225 1704 2272 ad
1722 2223 1911 2272 easdem
1931 2225 2137 2288 capellas
2154 2227 2398 2288 pertinen-

449 2323 581 2369 tibus
599 2328 650 2369 et
667 2322 846 2369 toftum
864 2336 1016 2368 unum
1033 2322 1085 2367 in
1102 2321 1288 2382 prefata
1306 2319 1442 2382 Logy
1459 2333 1569 2364 cum
1588 2318 1832 2364 communi
1849 2315 2042 2379 pastura
2058 2314 2180 2364 ficut
2198 2318 2248 2364 in
2267 2324 2398 2364 carta

450 2415 641 2461 comitis
663 2414 847 2460 henrici
871 2413 1045 2460 deinde
1068 2412 1193 2459 facta
1215 2412 1492 2459 continetur
1518 2409 1756 2471 prefatam
1784 2407 1977 2471 insuper
2005 2406 2254 2456 ecclefiani
2284 2424 2393 2456 cum

450 2505 672 2552 omnibus
696 2504 1088 2552 Re6titudinibus
1117 2509 1168 2550 et
1198 2502 1506 2565 pertinenciis
1528 2499 1624 2548 suis
1656 2507 1707 2548 et
1739 2501 1934 2563 capellis
1967 2501 2312 2562 prenominatis
2346 2507 2395 2546 et

449 2612 614 2644 earum
653 2597 964 2659 pertinenciis
998 2595 1184 2657 prefato
1230 2594 1393 2641 abbati
1430 2600 1480 2641 et
1517 2594 1758 2640 canonicis
1797 2594 1847 2640 in
1887 2593 2101 2655 proprios
2141 2590 2252 2638 usus
2289 2590 2395 2638 suos

449 2689 757 2736 concedimus
796 2693 847 2735 et
884 2687 1220 2735 confirmamus
1260 2683 1416 2732 Salvis
1455 2700 1541 2747 per
1576 2686 1738 2732 omnia
1784 2682 2144 2755 Episcopalibus
2184 2681 2355 2729 nostris
2383 2708 2392 2717 ·

448 2777 668 2827 Testibus

452 2963 598 3011 Carta
621 2962 994 3010 confirmationis
1018 2961 1215 3008 Ricardi
1239 2959 1460 3023 Episcopi
1485 2956 1840 3006 Dunkeldenfis
1865 2986 1875 2995 ·

328 3156 419 3200 110
456 3131 723 3196 Univerfis
745 3142 904 3190 sanfioe
926 3143 1093 3190 matris
1117 3139 1329 3190 Ecclefie
1352 3141 1463 3188 filiis
1496 3139 1688 3203 presens
1711 3138 1939 3201 scriptum
1962 3137 2130 3185 visuris
2155 3138 2232 3184 vel
2255 3138 2388 3184 audi-

451 3238 572 3286 turis
597 3263 607 3274 ·
633 3234 867 3282 Ricardus
890 3230 1191 3296 permiffione
1227 3232 1388 3279 divina
1422 3228 1777 3278 Dunkeldenfis
1800 3228 2062 3292 Episcopus
2086 3235 2303 3276 eternam
2337 3230 2386 3274 in

453 3330 645 3377 domino
681 3325 885 3374 salutem
908 3350 919 3361 ·
944 3324 1149 3372 Noverit
1187 3321 1470 3371 univerfitas
1507 3321 1662 3370 vestra
1697 3337 1783 3369 nos
1819 3322 1880 3370 ad
1915 3321 2114 3383 plenum
2138 3317 2386 3382 inspexisse

1400 3419 1436 3452 K
