2982 4016
500 2293 584 2335 111

601 533 661 579 74
1272 516 1479 566 LIBER
1514 512 1842 562 ECCLESIE
2289 527 2390 562 sec.
2416 527 2531 561 x111.

601 658 908 721 plurimorum
935 651 1272 716 Episcoporum
1305 645 1719 696 Dunkeldenfium
1753 641 2131 707 predecess'orum
2153 643 2423 693 nostrorum
2447 646 2533 693 Ri-

603 751 729 797 cardi
749 748 970 796 videlicet
988 745 1019 792 J
1023 743 1219 791 ohannis
1237 767 1248 778 ·
1263 740 1471 789 Gilberti
1488 763 1499 775 ·
1517 736 1724 786 Galfridi
1742 732 2061 783 conceffiones
2079 742 2129 784 et
2147 737 2534 786 confirmationes

604 838 886 888 monasterio
910 839 969 884 de
992 835 1149 884 Scona
1171 840 1220 881 et
1243 831 1481 881 canonicis
1504 828 1683 876 ibidem
1707 827 1797 874 deo
1820 825 2136 875 servientibus
2151 834 2203 876 et
2218 826 2462 876 servituris
2484 830 2533 875 in

606 938 886 995 perpetuum
906 928 1048 975 fatias
1066 924 1203 987 super
1225 919 1433 971 ecclefiis
1457 922 1517 969 de
1542 920 1677 982 Logy
1696 918 1871 966 mehed
1889 919 1940 965 in
1957 917 2181 966 Athollia
2201 925 2253 967 et
2276 920 2336 967 de
2353 916 2538 982 Rogor-

608 1034 752 1072 tenen
777 1024 825 1069 in
846 1017 1104 1068 Starmund
1123 1031 1233 1064 cum
1251 1013 1446 1076 capellis
1464 1040 1475 1051 ·
1496 1012 1693 1059 decimis
1715 1036 1727 1047 ·
1750 1011 1891 1058 terris
1914 1037 1925 1048 ·
1950 1007 2303 1073 poffeffionibus
2321 1010 2539 1058 Rectitu-

608 1115 795 1161 dinibus
818 1108 1182 1158 obventionibus
1205 1132 1215 1143 ·
1239 1105 1561 1153 oblationibus
1584 1108 1634 1149 et
1655 1100 1759 1165 [&⁰·
1783 1102 1989 1166 utsupra
2011 1101 2078 1149 N.
2106 1100 2242 1163 100,]
2267 1103 2319 1149 in
2341 1102 2458 1150 villa
2480 1103 2540 1150 de

610 1203 835 1252 Dunkeld
854 1216 995 1263 quam
1014 1201 1081 1247 eis
1099 1197 1305 1245 contulit
1319 1196 1444 1243 bone
1458 1195 1688 1243 memorie
1704 1193 1950 1241 Galfridus
1969 1190 2230 1255 Episcopus
2246 1191 2542 1256 predecefl'or

608 1294 764 1343 noster
776 1292 860 1340 fibi
874 1309 902 1339 a
914 1292 1105 1338 domino
1117 1289 1396 1336 Alexandro
1411 1287 1546 1350 Rege
1559 1284 1783 1333 collatam
1798 1290 2057 1345 antequam
2071 1281 2185 1332 effet
2199 1285 2259 1333 de
2271 1286 2454 1348 gremio
2466 1301 2543 1334 ec-

609 1385 746 1434 clefie
763 1379 1115 1431 Dunkeldenfis
1130 1386 1179 1428 et
1194 1386 1450 1441 antequam
1467 1378 1642 1425 di&am
1657 1376 1822 1423 villam
1837 1374 2145 1438 Episcopatui
2159 1377 2288 1424 idem
2304 1376 2413 1425 Rex
2431 1393 2543 1425 con-

610 1475 789 1525 tuliss'et
808 1473 1072 1521 Reddendo
1091 1472 1200 1518 inde
1218 1471 1465 1518 annuatim
1485 1465 1683 1516 ecclefie
1701 1464 2034 1515 Dunkeldenfi
2051 1468 2113 1515 ad
2130 1466 2305 1515 festum
2320 1466 2547 1531 Assump-

613 1569 757 1617 tionis
785 1568 925 1615 beate
958 1565 1115 1612 Mai-ie.
1138 1563 1331 1626 virginis
1353 1577 1498 1609 unam
1522 1560 1693 1607 libram
1716 1555 1897 1626 incenfi
1921 1559 1982 1606 ad
2004 1557 2347 1607 incensandum
2372 1575 2544 1623 corpus

614 1658 786 1709 Christi
815 1661 863 1705 in
892 1658 1158 1704 elevatione
1187 1680 1197 1691 ·
1227 1654 1287 1701 In
1321 1655 1427 1701 cui9
1453 1653 1546 1699 Rei
1582 1648 1778 1698 testiom
1801 1638 1960 1714 fisenti
1985 1649 2161 1712 scripto
2195 1647 2404 1714 figillum
2433 1657 2542 1699 nfm

614 1767 708 1799 una
737 1754 796 1798 οὖ
820 1746 970 1811 figillo
988 1745 1186 1808 capituli
1215 1741 1570 1792 Dunkeldenfis
1602 1743 1804 1794 fecimus
1834 1742 2010 1804 apponi
2041 1740 2141 1790 Dat
2172 1743 2300 1805 apud
2331 1740 2546 1791 Insulam

615 1843 706 1890 sce
722 1840 891 1888 colfibe
905 1841 954 1886 in
972 1835 1147 1886 c‘stino
1171 1819 1333 1884 ciffum
1352 1834 1500 1882 Anno
1522 1835 1676 1898 gratie
1698 1834 1775 1889 00⁰
1793 1860 1805 1871 ·
1823 1849 1878 1881 cc
1900 1859 1911 1870 ·
1929 1830 2222 1897 sexagesimo
2239 1835 2384 1882 tertio
2406 1832 2547 1882 Teste

615 1932 823 1996 capitulo
847 1957 858 1967 ·
1185 1926 1195 1938 '

617 2116 762 2163 Carta
785 2114 959 2176 Rogeri
983 2113 1043 2158 de
1067 2111 1230 2173 Derby
1253 2111 1313 2157 de
1330 2125 1489 2158 annuo
1512 2109 1704 2156 redditu

625 2282 879 2347 Omnibus
917 2294 1075 2343 sentite
1111 2295 1277 2342 matris
1314 2291 1510 2342 ecclefie
1546 2293 1658 2340 filiis
1696 2293 1757 2340 ad
1793 2307 1912 2354 quos
1951 2291 2145 2355 presens
2182 2291 2412 2356 scriptum
2448 2309 2555 2357 per-

552 2420 555 2424 ·
625 2391 807 2438 venerit
839 2414 850 2425 ·
886 2388 1100 2450 Rogems
1137 2387 1196 2433 de
1233 2385 1399 2448 Derby
1432 2386 1689 2433 canonicus
1723 2382 1921 2432 ecclefie
1956 2382 2314 2433 Dunkeldenfis
2350 2383 2554 2434 fiilutem

626 2489 840 2529 eternam
863 2480 912 2526 in
936 2479 1127 2525 domino
1151 2503 1162 2514 ·
1188 2477 1395 2524 Noverit
1417 2474 1699 2525 universitas
1721 2474 1876 2524 vestra
1897 2491 1978 2523 me
2010 2476 2062 2523 in
2094 2475 2222 2524 bona
2241 2474 2555 2540 prosperitate

627 2588 734 2619 mea
756 2567 1066 2618 constitutum
1088 2585 1174 2631 pro
1195 2566 1348 2616 salute
1371 2569 1530 2616 anime
1551 2583 1660 2615 mee
1694 2564 1871 2615 dedifl'e
1893 2564 2160 2615 conceffiss'e
2182 2568 2346 2616 abbati
2369 2574 2421 2617 et
2443 2586 2556 2617 con-

630 2664 794 2710 ventui
824 2662 883 2708 de
915 2660 1072 2708 Scona
1110 2666 1269 2707 totum
1302 2660 1441 2707 illum
1474 2673 1687 2707 annuum
1722 2658 1990 2706 Redditum
2023 2673 2167 2720 quem
2199 2660 2412 2722 recipere
2445 2677 2558 2709 con-

630 2752 758 2800 suevi
781 2767 865 2814 pro
889 2751 1093 2812 quodam
1115 2751 1238 2797 tofto
1270 2752 1320 2797 in
1343 2750 1458 2798 villa
1492 2751 1552 2797 de
1586 2750 1883 2812 Dunkeldyn
1907 2751 2035 2812 quod
2057 2750 2204 2798 habui
2227 2752 2288 2799 de
2311 2752 2437 2799 dono
2460 2753 2558 2801 dic-

630 2852 787 2891 torum
811 2842 995 2889 abbatis
1018 2848 1068 2888 et
1092 2848 1381 2889 conventus!
1398 2858 1453 2890 ac
1471 2840 1661 2890 eosdem
1684 2841 1958 2890 afi'cornatus
1974 2857 2109 2890 meos
2131 2842 2192 2890 ad
2215 2820 2354 2890 illum
2379 2843 2558 2891 Reddi-

631 2944 737 2983 tum
752 2934 998 2982 annuatim
1015 2934 1372 2995 percipiendum
1391 2934 1451 2980 ab
1468 2931 1708 2996 affignatis
1730 2933 1851 2980 meis
1868 2933 2050 2980 di&um
2072 2933 2254 2982 toftum
2276 2935 2558 2983 tenentibus

633 3028 683 3073 in
706 3031 988 3087 perpetuum
1011 3021 1300 3072 constituisse
1335 3026 1404 3072 ita
1437 3022 1616 3072 scilicet
1644 3024 1772 3085 quod
1806 3022 1922 3072 dicti
1956 3024 2102 3072 abbas
2135 3030 2187 3072 et
2220 3031 2487 3074 conventus
2510 3028 2559 3074 in

637 3118 736 3164 vita
755 3131 863 3163 mea
883 3115 1070 3162 nullum
1091 3113 1178 3163 fibi
1201 3117 1275 3163 ius
1297 3117 1348 3163 in
1372 3115 1501 3164 (116ὶο
1517 3116 1643 3163 tofto
1666 3115 1924 3163 vendicent
1941 3112 2031 3163 nifi
2048 3116 2168 3164 duos
2183 3113 2357 3164 solidos
2378 3132 2562 3166 annuos

639 3213 690 3254 et
710 3204 964 3267 hospitium
994 3207 1044 3252 in
1077 3222 1171 3268 quo
1205 3222 1315 3254 cum
1348 3207 1527 3254 ibidem
1561 3207 1781 3254 venerint
1813 3206 2007 3255 valeant
2037 3204 2267 3270 hospitari
2301 3205 2562 3256 secundum

641 3297 766 3359 quod
787 3296 973 3359 plenius
994 3298 1267 3345 continetur
1295 3299 1345 3344 in
1381 3297 1526 3346 Carta
1548 3296 1783 3346 diGtorum
1816 3297 2002 3346 abbatis
2036 3304 2088 3347 et
2120 3303 2387 3347 conventus
2420 3314 2562 3361 quam
