2982 4016
645 541 705 585 80
1319 528 1525 578 LIBER
1560 523 1889 575 ECCLESIE
2325 541 2428 575 sse.
2455 541 2572 575 xm.

644 664 1016 731 predecessorum
1049 661 1313 712 nostrorum
1337 657 1545 722 vestigiis
1578 658 1853 706 inherentes
1886 653 2207 705 concessiones
2238 664 2289 706 et
2324 660 2575 708 confirma-

645 762 799 809 tiones
822 776 851 808 a
871 753 1267 822 predecessoribus
1299 750 1470 800 nostris
1504 751 1660 798 eidem
1682 745 1970 796 monasterio
1994 748 2054 795 de
2078 747 2237 798 Scona
2258 756 2310 798 et
2333 753 2575 799 canonicis

644 852 822 899 ibidem
857 850 945 896 deo
970 845 1278 895 servientibus
1312 844 1362 890 in
1395 847 1681 905 perpetuum
1704 841 1852 888 fa&as
1876 839 2026 887 Ratas
2047 840 2281 889 habemns
2304 868 2316 880 ·
2341 848 2393 890 et
2415 841 2577 891 nostra

645 939 909 1004 Episcopali
933 937 1214 986 au&oritate
1236 939 1378 996 prout
1401 933 1513 980 inde
1536 938 1587 980 et
1609 931 1798 995 plenius
1814 931 1940 979 facte
1963 928 2074 978 sunt
2096 937 2147 979 et
2170 930 2384 980 concesse
2406 935 2575 982 confir-

643 1046 825 1079 mamus
848 1057 859 1068 ·
886 1028 1123 1078 Volumus
1146 1031 1309 1073 autem
1333 1030 1384 1072 et
1406 1024 1712 1072 concedimus
1747 1023 1875 1084 quod
1898 1037 2065 1070 omnes
2088 1020 2308 1071 ecclesias
2331 1030 2382 1071 et
2412 1030 2564 1073 terras

645 1123 712 1169 eis
734 1138 762 1169 a
783 1117 1181 1182 predecessoribus
1212 1113 1382 1163 nostris
1405 1116 1455 1162 in
1478 1115 1692 1177 proprios
1721 1112 1832 1162 usus
1863 1112 2098 1162 concessas
2122 1114 2242 1162 adeo
2266 1114 2416 1163 libere
2438 1122 2574 1164 tene-

641 1220 726 1260 ant
756 1218 806 1259 et
840 1207 1102 1273 possideant
1132 1205 1254 1256 sicut
1290 1206 1449 1267 aliqua
1478 1206 1704 1254 abbathia
1734 1206 1784 1253 in
1811 1221 1961 1268 regno
1986 1203 2135 1253 scotie
2168 1206 2330 1268 aliqua
2361 1206 2576 1256 concessa

641 1310 776 1351 tenet
799 1302 875 1350 vel
897 1298 1098 1364 poindet
1115 1298 1374 1347 secundum
1398 1298 1601 1345 formam
1624 1293 1977 1345 conceffionum
2002 1294 2143 1344 fiiluis
2165 1298 2303 1345 nobis
2326 1304 2378 1346 et
2395 1296 2577 1347 succes·

641 1394 819 1442 foribus
858 1391 1028 1441 nostris
1065 1390 1421 1454 Episcopalibus
1490 1388 1733 1437 Volumus
1773 1389 1921 1436 etiam
1957 1396 2009 1436 et
2051 1389 2360 1437 concedimus
2396 1388 2575 1438 eisdem

642 1487 879 1534 canonicis
901 1483 1159 1532 secundum
1182 1483 1308 1544 quod
1331 1478 1441 1543 ipsis
1463 1497 1492 1528 a
1513 1477 1915 1543 predecessoribus
1938 1477 2110 1528 nostris
2133 1478 2205 1528 est
2227 1479 2495 1529 concessum
2519 1489 2576 1530 ut

643 1574 848 1626 ecclesiis
872 1575 966 1623 suis
989 1576 1111 1622 infra
1142 1571 1363 1621 diocesim
1398 1570 1607 1620 nostram
1641 1569 1914 1620 constitutis
1950 1587 2037 1634 per
2069 1573 2280 1635 ydoneos
2303 1573 2575 1636 capellanos

646 1671 695 1716 in
730 1675 1013 1731 perpetuum
1036 1662 1210 1728 poffint
1234 1662 1467 1712 deservire
1498 1670 1549 1711 et
1571 1662 1762 1711 eosdem
1796 1663 2067 1726 capellanos
2089 1670 2233 1726 prout
2256 1661 2343 1713 fibi
2366 1666 2576 1714 viderint

643 1760 870 1821 expedire
892 1775 977 1821 pro
1001 1765 1216 1820 tempore
1239 1758 1448 1804 retinere
1471 1762 1522 1804 et
1545 1771 1780 1804 amovere.
1840 1754 1973 1803 Dum
1996 1763 2161 1803 tamen
2184 1756 2313 1804 idem
2336 1757 2572 1820 capellani

642 1851 777 1897 nobis
815 1856 866 1897 et
901 1847 1234 1897 successoribus
1274 1845 1445 1895 nostris
1482 1847 1560 1895 vel
1596 1845 1768 1895 nostris
1805 1847 2084 1896 officialibus
2123 1847 2201 1895 vel
2238 1849 2450 1911 capitulo
2481 1850 2574 1898 loci

642 1941 898 1989 secundum
938 1939 1134 1988 diocesis
1174 1938 1570 1988 consuetudinem
1614 1937 1953 2001 presentemur
2019 1938 2080 1986 In
2119 1939 2255 2001 cujus
2302 1939 2394 1988 Rei
2439 1939 2576 1988 testi-

640 2034 852 2079 monium
874 2031 1082 2095 presenti
1115 2030 1287 2094 scripto
1311 2029 1520 2095 sigillum
1541 2028 1760 2078 nostrum
1792 2031 1993 2078 fecimus
2028 2033 2203 2094 apponi
2237 2030 2424 2080 Datum
2445 2034 2572 2095 apud

652 2124 830 2172 carrale
865 2125 941 2171 die
969 2125 1095 2186 jovis
1128 2125 1346 2186 proximo
1380 2128 1494 2170 ante
1529 2120 1703 2170 festum
1737 2121 1886 2170 sanffi
1922 2122 2079 2171 Marci
2114 2121 2407 2186 ewangelisti
2447 2140 2573 2172 anno

643 2216 799 2276 gracie
821 2216 959 2263 m⁰cc⁰
981 2212 1269 2278 sexagesimo
1292 2212 1442 2262 sexto.

647 2395 791 2444 Carta
812 2397 1096 2444 venditionis
1121 2395 1355 2458 Stephani
1378 2396 1438 2444 de
1462 2395 1759 2460 Melginche.

523 2582 614 2629 116
649 2563 911 2627 Universis
949 2580 1033 2626 has
1071 2579 1254 2627 litteras
1290 2578 1455 2626 visuris
1492 2579 1569 2627 vel
1606 2579 1840 2628 audituris
1876 2579 2154 2643 Stephanus
2194 2581 2255 2628 de
2292 2579 2573 2645 Melginche

647 2669 846 2718 salutem
913 2669 1118 2718 Noverit
1140 2668 1419 2719 universitas
1442 2669 1598 2719 vestra
1619 2686 1698 2718 me
1720 2686 1807 2733 pro
1829 2686 2005 2734 magna
2026 2668 2306 2720 necessitate
2327 2687 2437 2721 mea
2459 2689 2574 2721 ven-

647 2758 809 2809 didisse
832 2763 1070 2809 canonicis
1093 2763 1152 2809 de
1170 2761 1327 2810 Scona
1348 2763 1408 2810 ad
1431 2763 1757 2824 operationem
1776 2759 1972 2810 ecclesie
1996 2763 2192 2810 domum
2216 2780 2359 2826 quam
2378 2764 2574 2813 Gilcrist

645 2853 804 2899 tenuit
821 2868 931 2900 cum
949 2853 1073 2900 tofto
1091 2853 1302 2915 plenario
1325 2859 1376 2901 et
1399 2870 1510 2902 cum
1533 2853 1716 2902 duabus
1739 2854 1860 2902 acris
1882 2855 1932 2901 in
1951 2854 2067 2902 villa
2089 2855 2150 2902 de
2166 2854 2375 2903 balursin
2392 2854 2574 2905 scilicet

648 2952 698 2989 et
720 2959 875 2991 acram
899 2959 1043 3005 quam
1075 2945 1203 2992 idem
1227 2943 1421 2992 Gilcrist
1453 2947 1614 2993 tenuit
1647 2952 1698 2993 et
1731 2945 1876 2993 aliam
1909 2947 2176 3008 proximam
2200 2963 2262 2995 ex
2286 2947 2573 2997 occidentali

649 3040 782 3095 parte
804 3035 1099 3097 adjacentem
1123 3052 1208 3098 pro
1231 3036 1413 3084 duabus
1446 3038 1617 3085 marcis
1651 3038 1837 3100 argenti
1861 3052 1978 3098 quas
2000 3039 2160 3100 recepi
2183 3039 2244 3086 ab
2267 3040 2336 3086 eis
2359 3039 2571 3087 Tenend.

649 3121 734 3170 sibi
758 3125 806 3171 in
829 3132 1110 3187 perpetuum
1134 3127 1194 3174 de
1216 3142 1294 3174 me
1318 3133 1368 3174 et
1390 3127 1645 3175 heredibus
1666 3129 1787 3175 meis
1804 3134 1906 3176 tam
1928 3128 2078 3176 libere
2095 3154 2108 3166 ·
2124 3136 2227 3177 tam
2250 3131 2413 3192 quiete
2437 3157 2449 3168 ·
2472 3137 2570 3178 tam

651 3213 859 3274 plenarie
881 3213 1000 3264 ficut
1033 3216 1191 3279 aliqua
1224 3218 1392 3266 domus
1416 3217 1682 3282 Religionis
1715 3220 1766 3267 in
1801 3225 1905 3267 toto
1937 3218 2109 3283 Regno
2132 3220 2301 3269 Scocie
2323 3237 2385 3269 ex
2411 3223 2574 3269 vendi-
