3002 4030
399 519 513 552 REG.
541 519 653 552 non.
681 519 734 551 11.
938 506 987 552 8.
1023 505 1417 555 TRINITATIS
1452 509 1545 556 DE
1581 510 1773 558 SCON.
2226 522 2316 564 143

399 635 579 681 di&um
597 633 883 697 Episcopum
907 634 1050 696 pleno
1065 636 1175 697 jure
1193 638 1494 698 pertinebat]
1511 645 1562 687 et
1585 655 1676 701 que
1694 642 1850 688 eidem
1867 640 2147 691 monasterio
2165 646 2318 694 vicina

398 731 500 772 erat
523 723 559 771 fi
583 726 643 772 de
666 723 775 786 ipfis
810 723 1018 773 ecclesiis
1050 729 1339 788 permutatio
1363 730 1567 777 invicem
1591 731 1727 779 fieret
1746 745 1762 779 s
1784 731 1899 779 licet
1933 734 2099 780 eadem
2122 734 2317 784 ecclesia

398 816 457 863 de
475 815 606 863 blare
624 818 674 862 in
691 817 954 864 redditibus
973 818 1228 863 admodum
1248 818 1384 864 exilis
1404 817 1517 866 esset
1534 821 1640 881 plus
1659 822 1793 869 dictis
1811 823 1971 870 abbati
1989 829 2039 870 et
2058 828 2315 872 conventui

398 906 458 953 de
476 906 689 954 utilitate
707 906 897 954 afferret
920 922 1031 953 cum
1054 908 1200 954 etiam
1224 905 1436 955 Ecclesia
1458 907 1553 969 ipsa
1576 911 1625 956 in
1654 912 1891 958 territorio
1915 913 2026 959 dicti
2049 913 2314 976 monasterij

396 994 671 1043 consisteret
692 1012 748 1043 ac
777 996 1024 1043 humiliter
1056 994 1320 1058 supplicato
1346 1003 1402 1044 ut
1430 1001 1829 1058 permutationem
1858 1002 2122 1064 hujusmodi
2160 1005 2314 1052 facere

397 1087 673 1148 dignaretur
728 1087 866 1134 Idem
890 1085 1150 1148 Episcopus
1172 1086 1387 1148 premisso
1407 1088 1623 1150 diligenti
1648 1091 1855 1138 1316616111
1872 1098 1923 1139 et
1945 1094 2182 1154 frequenti
2205 1110 2314 1141 cum

397 1176 580 1223 dileffls
614 1176 724 1224 filiis
758 1176 967 1238 capitulo
1002 1173 1199 1223 ecclesie
1232 1175 1314 1224 sue
1349 1177 1685 1227 Sanffiandree
1717 1185 2157 1245 communicatoque
2191 1187 2313 1246 peri-

396 1274 555 1312 torum
573 1263 765 1314 consilio
781 1268 840 1314 de
858 1267 1090 1313 distorum
1109 1267 1305 1327 capituli
1324 1265 1514 1315 consilio
1533 1275 1583 1316 et
1601 1268 1779 1317 assensu
1796 1273 2146 1334 prediGtamque
2164 1276 2312 1322 eccle-

396 1354 510 1403 fiam
529 1358 588 1403 de
611 1356 743 1404 blare
766 1372 876 1403 cum
895 1358 1114 1404 omnibus
1134 1358 1361 1404 fruEtibus
1377 1359 1564 1418 juribus
1582 1360 1902 1408 oblationibus
1925 1363 2118 1410 decimis
2142 1371 2192 1410 et
2209 1380 2312 1425 per-

396 1448 612 1494 tinentiis
649 1445 876 1494 universis
912 1447 1109 1508 prefatis
1148 1448 1312 1494 abbati
1350 1455 1401 1495 et
1439 1451 1697 1497 conventui
1738 1449 1961 1498 conceffit
1996 1455 2226 1500 annexuit
2263 1462 2311 1501 et

396 1538 552 1585 univit
585 1537 664 1584 Ita
681 1539 808 1598 quod
826 1539 1030 1585 cedente
1047 1536 1122 1585 vel
1144 1539 1407 1586 decedente
1426 1540 1632 1587 Refitore
1650 1542 1774 1588 (11806
1792 1539 1985 1590 ecclesie
2003 1544 2062 1589 de
2084 1544 2214 1591 blare
2232 1547 2311 1606 qui

395 1635 513 1675 tunc
536 1634 639 1676 erat
661 1629 828 1676 liceret
851 1628 1028 1676 eisdem
1061 1630 1223 1676 abbati
1258 1636 1308 1677 et
1339 1632 1597 1677 conventui
1620 1631 1905 1679 au6toritate
1934 1634 2121 1695 propria
2152 1650 2313 1696 corpo-

394 1719 543 1767 ralem
560 1717 883 1781 poffeffionem
906 1720 1029 1767 diste
1048 1718 1242 1768 ecclesie
1261 1722 1320 1768 de
1342 1721 1468 1768 blare
1491 1721 1640 1768 libere
1658 1723 1835 1769 intrare
1853 1728 1903 1769 et
1919 1722 2123 1770 nancisci
2158 1724 2311 1771 Salvis

394 1816 559 1858 tamen
598 1812 816 1872 portione
862 1817 1059 1859 centum
1103 1810 1359 1858 solidorum
1401 1811 1582 1859 dileffls
1626 1812 1734 1858 filiis
1774 1814 1934 1860 abbati
1974 1819 2024 1860 et
2057 1817 2310 1862 conventui

394 1900 664 1964 monasterij
689 1902 748 1949 de
772 1900 1123 1964 Cambuskynel
1147 1903 1322 1948 ordinis
1347 1908 1397 1949 et
1420 1900 1614 1948 diocesis
1648 1904 1963 1963 predifflmrum
1984 1905 2166 1952 ratione
2189 1905 2310 1952 (11806

395 1989 591 2039 ecclesie
615 1993 674 2039 de
707 1992 839 2040 blare
879 1993 940 2040 ab
973 1993 1088 2039 olim
1130 1993 1292 2040 debita
1326 1999 1377 2039 et
1417 1972 1637 2040 oneribus
1671 1994 1917 2040 ordinariis
1951 1993 2185 2041 consuetis
2211 2002 2311 2042 tam

396 2082 751 2145 Episcopalibus
787 2098 931 2144 quam
971 2083 1425 2131 archidiaconalibus
1461 2081 1555 2130 suis
1592 2085 1808 2131 terminis
1845 2090 1987 2146 prout
2019 2085 2121 2132 fieri
2148 2084 2312 2132 consu-

394 2178 557 2221 everat
574 2174 792 2237 *plenarie
826 2173 1149 2236 persolvendis
1205 2174 1272 2222 Et
1305 2175 1431 2236 quod
1465 2175 1591 2221 idem
1614 2173 1781 2222 Abbas
1803 2181 1854 2222 et
1877 2173 2153 2223 Conventus
2179 2191 2311 2222 mon-

395 2261 550 2326 asterij
576 2265 635 2312 de
659 2264 818 2313 Scona
839 2266 996 2312 eidem
1015 2263 1213 2313 ecclesie
1237 2266 1296 2312 de
1314 2265 1444 2312 blare
1467 2281 1553 2327 per
1575 2266 1803 2312 vicarium
1819 2271 2103 2327 perpetuum
2125 2267 2205 2326 qui
2227 2282 2310 2327 pro

395 2356 614 2417 portione
636 2356 804 2403 decem
827 2371 1009 2403 mercas
1033 2355 1384 2419 Sterlingorum
1409 2356 1545 2403 annis
1580 2353 1773 2418 fingulis
1806 2357 2070 2417 perciperet
2102 2357 2312 2403 facerent

395 2445 617 2494 deserviri
630 2460 647 2494 s
663 2463 718 2495 ac
736 2447 888 2493 voluit
905 2447 1034 2494 idem
1052 2445 1312 2508 Episcopus
1330 2448 1457 2507 quod
1475 2446 1587 2493 dieti
1603 2446 1769 2493 Abbas
1787 2453 1837 2493 et
1854 2453 2116 2493 conventus
2133 2447 2312 2493 monas-

395 2537 502 2599 terij
521 2538 581 2584 (16
599 2537 756 2584 Scona
772 2553 915 2599 quam
933 2539 1140 2599 primum
1157 2535 1481 2600 posseffionem
1494 2537 1739 2599 pacificam
1755 2537 1879 2584 diae
1894 2535 2088 2584 ecclesie
2107 2538 2165 2584 (16
2181 2537 2311 2584 blare

396 2625 545 2675 essent
567 2626 761 2675 assecuti
783 2629 1017 2690 prefatam
1035 2625 1281 2675 ecclesiam
1301 2629 1361 2674 de
1383 2628 1642 2674 kerintoun
1665 2642 1806 2688 quam
1821 2628 1947 2673 idem
1971 2626 2228 2688 Episcopus
2251 2644 2311 2674 ex

395 2726 512 2767 tunc
536 2735 701 2768 vacare
725 2720 938 2768 decrevit
961 2726 1011 2767 et
1034 2721 1094 2767 ad
1118 2720 1424 2766 collationem
1459 2718 1592 2766 suam
1615 2726 1666 2765 et
1687 2716 1997 2778 successorum
2030 2717 2218 2763 suorum
2240 2734 2311 2764 re-

396 2825 591 2858 manere
623 2811 778 2858 voluit
809 2809 1072 2857 Dimittere
1105 2815 1422 2858 tenerentur!
1443 2814 1586 2871 prout
1608 2809 1657 2855 in
1690 2809 1963 2870 patentibus
1996 2808 2167 2854 litteris
2200 2808 2310 2853 inde

396 2901 622 2948 confeffis
655 2902 914 2948 eorundem
949 2900 1154 2963 episcopi
1178 2907 1228 2948 et
1251 2900 1449 2962 capituli
1473 2897 1635 2962 sigillis
1656 2900 1852 2945 munitis
1876 2913 2071 2958 quorum
2095 2904 2309 2944 tenorem

396 2991 456 3039 de
474 2992 619 3038 verbo
637 2994 696 3040 ad
719 2993 914 3039 verbum
937 2990 1235 3054 presentibus
1252 2989 1391 3038 inseri
1409 2991 1609 3037 fecimus
1632 2989 1819 3051 plenius
1837 2989 2108 3036 continetur
2152 2986 2310 3042 Quare

396 3097 481 3144 pro
513 3087 650 3143 parte
684 3082 918 3129 distorum
953 3080 1161 3129 Abbatis
1195 3087 1245 3129 et
1280 3088 1544 3128 conventus
1577 3078 1838 3140 monasterij
1863 3079 1922 3126 de
1957 3077 2112 3125 Scona
2142 3078 2221 3138 qui
2256 3084 2310 3124 ut

399 3171 605 3221 asserunt
622 3170 944 3234 posseffionem
970 3173 1095 3220 diste
1113 3170 1309 3220 ecclesie
1332 3173 1392 3219 de
1414 3172 1545 3218 blare
1568 3171 1727 3232 vigore
1750 3170 1936 3216 unionis
1960 3175 2010 3215 et
2033 3169 2311 3215 annexionis

396 3261 663 3324 hujusmodi
696 3260 807 3310 sunt
841 3260 1033 3309 assecuti
1060 3268 1110 3309 et
1144 3262 1375 3325 prefatam
1399 3258 1642 3309 ecclesiam
1666 3260 1726 3307 de
1747 3259 2002 3306 kerintoun
2037 3256 2311 3305 dimiserunt
