2982 4016
461 555 576 588 REG.
602 554 750 588 ALEX.
777 555 831 587 11.
1013 541 1061 588 S.
1097 540 1495 590 TRINITATIS
1529 540 1622 588 DE
1658 536 1853 590 SO'ON.
2335 547 2394 592 65

456 688 543 734 per
563 674 790 735 'proprios
825 674 1077 720 canonicos
1111 674 1291 721 faciant
1326 672 1549 721 deserviri
1600 672 1756 721 Salvis
1790 673 2132 735 episcopalibus
2168 674 2394 722 Preterea

370 795 374 798 -
455 763 790 811 confirmamus
831 762 1008 811 eisdem
1046 769 1225 811 terram
1269 764 1414 825 illam⁴
1442 765 1494 811 in
1533 764 1649 812 villa
1688 765 1749 812 de
1788 765 2097 812 Dunkelden.
2139 782 2283 827 quam
2324 769 2391 814 eis

330 1588 418 1630 101

455 854 748 901 contulimus
771 855 908 902 nobis
942 871 972 902 a
1005 856 1198 902 domino
1221 854 1502 903 Alexandro
1525 872 1638 919 rege
1661 856 1887 904 collatam
1911 862 2169 918 antequam
2194 856 2393 905 effemus

455 946 515 993 de
537 948 719 1008 gremio
743 945 941 994 ecclefie
965 945 1322 994 Dunkeldenfis
1347 953 1397 995 et
1421 955 1681 1008 antequam
1705 948 1880 994 didam
1899 947 2063 994 villam
2086 948 2393 1010 Episcopatui

453 1038 582 1083 idem
605 1053 692 1085 rex
710 1035 984 1085 contulisset
1052 1038 1318 1085 Reddendo
1342 1039 1455 1086 inde
1479 1040 1729 1086 annuatim
1753 1037 1951 1086 ecclefie
1976 1037 2309 1087 Dunkeldenfi
2333 1042 2393 1087 ad

454 1127 629 1176 festum
660 1126 986 1191 assumptionis
1020 1130 1162 1176 beate
1197 1129 1357 1177 Marie
1392 1131 1587 1192 virginis
1623 1146 1771 1177 unam
1807 1131 1978 1178 libram
2014 1128 2192 1178 incenfi
2227 1133 2286 1179 ad
2323 1134 2394 1178 in-

455 1220 745 1267 censandum
769 1236 939 1283 corpus
963 1219 1140 1267 Christi
1162 1221 1213 1267 in
1237 1221 1507 1267 elevatione
1574 1219 1793 1268 'l'estibus

454 1402 600 1450 Bulla
623 1403 827 1451 Honorii
851 1402 983 1464 Pape
1006 1403 1066 1450 de
1090 1403 1345 1449 eximendo
1369 1401 1566 1449 Abbate
1589 1418 1618 1448 a
1641 1400 2070 1451 Commiffionibus.

458 1571 730 1634 Honorius
768 1584 1014 1648 episcopus
1047 1584 1210 1632 servus
1243 1584 1485 1632 servorum
1511 1586 1588 1631 dei
1612 1585 1785 1632 dilecto
1815 1585 1915 1632 filio
1939 1585 2123 1633 Abbati
2155 1587 2215 1633 de
2241 1586 2397 1634 Scona

452 1677 657 1726 salutem
681 1683 732 1725 et
756 1675 1062 1739 apostolicam
1092 1677 1476 1724 benedictionem
1544 1676 1593 1723 A
1618 1677 1754 1723 nobis
1781 1677 2031 1725 humiliter
2063 1677 2308 1740 postulasti
2340 1686 2397 1725 ut

454 1785 564 1818 cum
589 1785 687 1817 non
709 1769 887 1816 habeas
910 1766 1248 1830 iurisperitiam
1272 1774 1323 1815 et
1346 1774 1542 1830 propter
1564 1768 1851 1814 iudiciorum
1874 1765 2124 1831 strepitum
2148 1771 2396 1832 contingat

451 1860 612 1909 san&e
636 1860 1055 1922 contemplationis
1079 1862 1130 1907 in
1153 1865 1204 1907 te
1228 1861 1383 1907 otium
1410 1860 1631 1921 impediri
1656 1861 1869 1906 eximere
1893 1866 1943 1907 te
1967 1877 1996 1907 a
2018 1859 2395 1908 commissionum

452 1950 722 2002 nostrarum
760 1950 1082 1999 sollicitudine
1124 1953 1430 2014 dignaremur
1491 1950 1598 1997 Nos
1638 1951 1786 2012 igitur
1830 1952 1926 1997 tuis
1971 1949 2395 2013 supplicationibus

454 2049 723 2091 annuentes
747 2044 992 2090 devotioni
1015 2048 1101 2089 tue
1125 2024 1720 2104 au&oritatepresentium
1742 2042 2048 2104 indulgemus
2071 2059 2133 2090 ne
2162 2059 2248 2105 per
2270 2060 2395 2091 com-

454 2132 694 2182 mistiones
717 2133 900 2181 nostras
932 2149 1048 2195 quas
1073 2134 1132 2180 de
1156 2139 1318 2181 cetero
1352 2134 1413 2180 ad
1447 2139 1498 2180 te
1533 2135 1790 2196 contigerit
1813 2136 2058 2195 impetrari
2092 2151 2190 2182 non
2224 2133 2311 2182 nifi
2335 2138 2394 2182 de

454 2227 758 2289 indulgentia
790 2224 1061 2288 hujusmodi
1097 2227 1398 2272 mentionem
1441 2226 1643 2272 fecerint
1682 2226 1940 2288 procedere
1979 2228 2186 2273 tenearis
2256 2227 2396 2273 Nulli

457 2304 570 2381 ergo
605 2319 800 2365 omnino
831 2318 1082 2364 hominum
1118 2317 1262 2364 liceat
1284 2317 1409 2364 hanc
1442 2317 1666 2379 paginam
1701 2314 1860 2363 nostre
1891 2314 2198 2364 conceffionis
2232 2318 2397 2364 infrin-

453 2427 567 2473 gere
591 2410 667 2457 vel
693 2411 737 2457 ei
761 2408 877 2456 ausu
907 2410 1163 2456 temerario
1187 2408 1425 2455 contraire
1450 2407 1500 2455 Si
1527 2408 1633 2469 quis
1657 2413 1823 2454 autem
1855 2407 1947 2454 hoc
1971 2413 2260 2470 attemptare
2294 2425 2399 2470 pre-

454 2501 706 2564 sumpserit
741 2501 1123 2563 indignationem
1158 2500 1506 2561 omnipotentis
1539 2500 1615 2547 dei
1661 2505 1712 2546 et
1744 2500 1996 2546 beatorum
2029 2502 2153 2561 petri
2186 2507 2236 2547 et
2266 2502 2395 2563 pauli

456 2591 776 2655 apostolorum
823 2593 924 2653 ejus
971 2589 1019 2638 se
1060 2592 1248 2638 noverit
1294 2588 1592 2637 incursurum
1675 2589 1774 2637 Dat
1816 2588 1941 2638 Reat
1980 2607 2045 2637 xv
2091 2589 2147 2637 Τά
2191 2591 2397 2655 Augusti

457 2685 773 2732 Pontificatus
797 2681 941 2745 nostrj
967 2699 1092 2730 anno
1117 2698 1257 2729 nono.

458 2867 604 2914 Bulla
626 2866 832 2913 Honorii
851 2866 983 2927 Pape
1000 2865 1300 2912 inhibitionis
1325 2870 1375 2911 et
1399 2865 1771 2912 confirmationis
1796 2862 2007 2911 Ecclefie
2031 2866 2090 2911 de
2114 2865 2392 2911 Cherintun.

333 3052 425 3094 102
458 3033 731 3097 Honorius
763 3044 1026 3108 Episcopus
1056 3043 1218 3092 servus
1249 3043 1492 3092 servorum
1523 3008 1618 3091 bei
1651 3045 1834 3091 dileffis
1864 3044 1975 3090 filiis
2005 3044 2167 3092 abbati
2202 3012 2252 3092 et
2284 3062 2394 3093 con-

459 3141 627 3189 ventui
661 3140 721 3186 de
754 3137 913 3185 Scona
942 3136 1121 3183 ordinis
1145 3136 1308 3184 Sancti
1331 3132 1591 3198 Augustini
1621 3134 1824 3182 salutem
1848 3141 1898 3182 et
1921 3133 2226 3196 apostolicam
2249 3138 2394 3184 bene-

458 3234 717 3280 difflonem
763 3228 888 3276 Cum
912 3244 940 3275 a
962 3228 1100 3274 nobis
1122 3228 1309 3289 petitur
1343 3227 1469 3287 quod
1489 3223 1673 3288 justum
1697 3225 1767 3273 est
1790 3233 1841 3273 et
1863 3224 2114 3274 honestum
2138 3235 2238 3275 tam
2263 3231 2396 3292 vigor

462 3324 689 3385 equitatis
713 3335 856 3382 quam
882 3319 997 3366 ordo
1024 3319 1179 3381 exigit
1211 3318 1410 3364 rationis
1456 3322 1513 3363 ut
1536 3318 1583 3363 id
1608 3333 1693 3378 per
1716 3316 2068 3365 solicitudinem
2093 3319 2231 3381 officij
2256 3318 2400 3367 nostri

1375 3413 1392 3444 1
