2982 4016
412 545 526 579 REG.
551 544 700 578 ALEX.
726 544 780 577 11.
960 529 1010 578 S.
1046 530 1442 579 TRINITATIS
1479 530 1571 578 DE
1608 529 1803 578 SCON.
2291 535 2350 580 63

407 663 621 724 prefatus
646 659 901 724 Dyonifius
926 663 1133 710 decanus
1158 669 1207 710 et
1230 661 1454 727 magister
1475 662 1508 710 J
1511 664 1722 710 ohannes
1744 659 1898 724 figilla
1918 660 2002 708 sua
2070 662 2135 708 Et
2169 665 2351 723 predic-

408 760 487 801 tus
511 753 753 801 Henrious
775 752 902 801 filius
926 753 1132 801 Galfridi
1156 754 1493 802 aldermannus
1517 755 1577 802 de
1615 753 1764 801 Perth
1800 769 1886 815 per
1920 750 2196 800 eonsensum
2237 754 2351 800 alio-

407 862 513 892 rum
531 842 838 909 burgensium
856 846 916 893 ad
939 847 1225 907 petitionem
1249 846 1568 908 prenominati
1593 844 1835 892 Willelmi
1852 844 1937 891 filii
1961 844 2118 893 Ketill
2142 841 2349 906 figillum

408 950 612 982 comune
636 937 696 984 de
721 936 871 984 Perth
896 936 1126 999 apposuit.

409 1116 556 1166 Carta
579 1118 791 1166 WValteri
815 1119 1005 1180 Cumyn
1028 1117 1169 1181 super
1191 1134 1288 1166 una
1309 1124 1446 1179 petra
1469 1134 1590 1165 cere.

313 1303 374 1349 98
414 1286 678 1350 Univerfis
714 1300 873 1350 fauete
909 1302 1075 1349 matris
1112 1289 1309 1348 ecclesie
1336 1300 1446 1347 filiis
1479 1301 1565 1347 has
1599 1300 1786 1348 litteras
1809 1300 1974 1349 visuris
2006 1302 2082 1350 vel
2117 1304 2349 1351 audituris

408 1393 658 1441 Walterus
682 1393 873 1455 Cumyn
900 1393 1027 1439 filius
1052 1392 1293 1440 Willelmi
1326 1391 1516 1454 Cumyn
1546 1390 1750 1439 salutem
1787 1394 1837 1439 in
1873 1395 2066 1441 domino
2142 1396 2348 1443 Noverit

405 1483 687 1533 universitas
716 1483 871 1532 vestra
906 1499 986 1532 me
1019 1482 1197 1531 dedifl'e
1234 1489 1285 1530 et
1315 1479 1581 1530 conoeffiffe
1618 1489 1668 1529 et
1702 1483 1792 1530 hae
1828 1483 2036 1546 presenti
2071 1494 2203 1534 carta
2242 1503 2350 1534 mea

407 1574 698 1623 confirmafl'e
717 1575 824 1622 Deo
848 1580 897 1622 et
922 1571 1118 1622 eeclefie
1142 1573 1315 1621 Sanffe
1332 1573 1582 1620 Trinitatis
1606 1574 1665 1620 de
1690 1574 1847 1622 Seona
1869 1592 1955 1637 pro
1979 1578 2139 1624 anima
2167 1594 2275 1625 mea
2298 1586 2348 1625 et

406 1668 655 1716 animabus
694 1664 1037 1715 antecessorum
1078 1681 1296 1713 meorum
1336 1666 1387 1712 in
1424 1680 1593 1727 puram
1631 1671 1681 1714 et
1721 1673 2003 1729 perpetuam
2039 1668 2347 1717 elemofinam

406 1775 552 1806 unam
588 1764 776 1820 petram
813 1774 921 1806 cere
957 1757 1035 1805 vel
1076 1763 1281 1819 quatuor
1313 1756 1485 1805 solidos
1526 1758 1586 1804 de
1622 1772 1700 1804 me
1741 1765 1791 1805 et
1832 1759 2085 1807 heredibus
2129 1761 2247 1807 meis
2289 1762 2347 1807 ad

406 1849 580 1899 festum
599 1851 763 1899 Saneti
781 1849 1037 1905 michaelis
1060 1850 1310 1897 annuatim
1334 1849 1623 1912 percipiend.
1649 1850 1708 1896 de
1727 1850 1930 1898 Camera
1952 1866 2060 1898 mea
2079 1851 2189 1898 Hiis
2217 1851 2349 1899 testi-

369 1927 375 1931 ·
407 1945 496 1990 bus
521 1942 736 1990 Roberto
760 1941 1007 2004 capellano
1032 1941 1214 1987 domini
1239 1940 1387 2004 Regis
1412 1941 1627 1991 Henrieo
1652 1945 1711 1991 de
1731 1944 1923 2007 Kynros
1948 1947 2147 2007 patricio
2171 1947 2302 1994 baru.

409 2127 555 2174 Carta
577 2126 786 2174 Gilberti
811 2124 1017 2188 episcopi
1042 2121 1399 2172 Dunkeldenfis
1422 2126 1482 2173 de
1507 2125 1705 2174 ecolefia
1727 2127 1787 2174 de
1812 2126 1947 2190 Logy
1972 2117 2168 2175 Mahed.

313 2319 373 2365 99
410 2293 681 2359 Gilbertus
721 2307 815 2355 Dei
850 2309 1006 2371 gratia
1042 2306 1288 2369 episeopus
1327 2307 1685 2357 Dunkeldenfis
1723 2311 1945 2358 omnibus
1982 2310 2141 2358 fauete
2184 2314 2350 2358 matris

406 2399 602 2451 ecolefie
625 2401 735 2448 filiis
759 2406 809 2447 et
831 2399 1052 2447 fidelibus
1087 2399 1274 2446 litteras
1308 2397 1420 2447 istas
1456 2399 1621 2449 visuris
1656 2402 1733 2449 vel
1769 2403 2002 2450 audituris
2041 2409 2258 2450 eternam
2302 2406 2351 2450 in

406 2495 601 2542 domino
634 2492 837 2540 salutem
905 2491 1113 2539 Noverit
1148 2488 1429 2539 univerfitas
1453 2490 1607 2540 vestra
1629 2509 1715 2540 nos
1740 2495 1900 2541 divine
1925 2495 2136 2542 caritatis
2165 2496 2349 2544 intuitu

407 2594 457 2636 et
495 2588 555 2634 de
592 2586 835 2634 communi
876 2581 1056 2632 assensu
1094 2589 1145 2631 et
1182 2582 1410 2631 consensu
1447 2585 1645 2646 capituli
1682 2584 1828 2633 nostri
1866 2584 2132 2634 ooneeffiffe
2169 2594 2219 2634 et
2262 2589 2350 2635 hae

406 2686 538 2728 carta
560 2676 719 2725 nostra
739 2674 1032 2724 confirmasse
1056 2673 1252 2723 eoolefie
1275 2675 1434 2723 fauete
1469 2677 1701 2725 trinitatis
1737 2679 1797 2725 de
1833 2678 1991 2726 Seona
2026 2685 2076 2725 et
2112 2680 2274 2726 abbati
2299 2687 2349 2726 et

407 2771 645 2818 canonicis
663 2769 843 2816 ibidem
859 2767 965 2815 Deo
982 2766 1298 2815 servientibus
1317 2773 1368 2814 et
1385 2766 1628 2815 servituris
1646 2770 1695 2816 in
1713 2775 2000 2832 perpetuum
2027 2768 2271 2817 eeclesiam
2290 2772 2349 2816 de

408 2863 544 2925 Logy
568 2861 751 2909 Mahed
775 2861 824 2907 in
849 2859 1070 2907 Athollia
1103 2860 1152 2906 in
1186 2860 1399 2921 proprios
1433 2858 1544 2907 usus
1582 2859 1690 2908 suos
1724 2862 1940 2908 totaliter
1974 2863 2346 2908 convertendam

408 2969 518 3001 eum
542 2952 762 2999 omnibus
785 2950 979 3012 capellis
1001 2949 1096 2998 suis
1119 2956 1169 2998 et
1193 2965 1303 2997 eum
1325 2950 1549 3012 plenariis
1573 2952 1769 2999 decimis
1793 2952 2034 2998 benefieiis
2068 2958 2118 2998 et
2155 2953 2348 2999 10801111-

409 3045 599 3091 dinibus
627 3042 995 3090 obventionibus
1029 3041 1350 3089 oblationibus
1381 3048 1432 3090 et
1464 3043 1686 3089 omnibus
1721 3043 1824 3090 aliis
1859 3043 1915 3090 ad
1953 3043 2154 3090 eandem
2195 3044 2348 3090 00010-

408 3135 521 3183 fiam
538 3132 666 3197 juste
689 3133 1042 3195 pertinentibus
1077 3139 1127 3179 et
1164 3148 1315 3179 unum
1349 3111 1542 3181 toftum*
1563 3135 1613 3180 in
1647 3134 1832 3195 prefato
1868 3133 2035 3196 Logyn
2072 3149 2180 3180 oum
2222 3150 2349 3181 com-

409 3227 543 3274 muni
584 3222 774 3287 pastura
804 3222 925 3271 ficut
964 3224 1015 3269 in
1052 3229 1183 3271 carta
1217 3224 1405 3272 comitis
1440 3224 1641 3272 Henriei
1689 3224 1860 3272 deinde
1902 3225 2025 3272 faeta
2071 3226 2348 3272 continetur

407 3317 682 3366 Tenendam
718 3313 804 3363 fibi
839 3316 888 3362 in
922 3321 1210 3377 perpetuum
1245 3316 1314 3362 ita
1348 3315 1497 3364 libere
1533 3324 1583 3364 et
1618 3317 1781 3378 quiete
1815 3316 2027 3378 plenarie
2063 3323 2114 3364 et
2159 3318 2349 3364 honori-
