2982 4016
618 562 676 604 42
1301 551 1508 601 LIBER
1543 547 1874 597 ECCLESIE
2307 562 2407 596 sse.
2434 560 2548 597 xm.

617 779 762 826 Carta
789 777 1053 826 Alexandri
1082 776 1228 838 Regis
1265 774 1324 821 de
1360 774 1499 820 terris
1535 772 1596 819 de
1631 786 1807 833 magna
1835 769 1953 817 Blar
1986 775 2038 817 et
2079 770 2139 817 de
2173 785 2318 832 parva
2347 770 2464 819 Blar
2499 771 2550 817 in

619 869 919 916 excambium
943 868 1124 914 decime
1147 866 1282 927 panis
1305 870 1355 911 et
1379 863 1721 910 rectitudinum
1744 861 1959 909 aliarum.

527 1049 586 1098 67
621 1035 913 1098 Alexander
935 1047 1028 1095 Dei
1062 1047 1217 1109 gratia
1240 1045 1349 1093 Rex
1373 1044 1631 1093 Scotorum
1665 1044 1887 1092 omnibus
1920 1045 2081 1106 probis
2104 1044 2379 1092 hominibus
2402 1045 2553 1092 totius

619 1149 744 1189 terre
766 1139 846 1187 sue
869 1138 1069 1186 salutem
1135 1135 1303 1184 Sciant
1324 1134 1568 1198 presentes
1591 1140 1642 1182 et
1665 1135 1816 1182 futuri
1844 1151 1932 1182 nos
1955 1136 2006 1183 in
2029 1136 2334 1184 excambium
2368 1136 2555 1183 decime

619 1232 750 1293 panis
773 1226 965 1291 expenfi
988 1229 1038 1275 in
1060 1225 1265 1289 hospitio
1287 1223 1446 1274 nostro
1465 1232 1516 1273 et
1538 1224 1744 1288 hospitio
1763 1225 1951 1290 Regine
1972 1225 2142 1289 sponse
2163 1224 2322 1274 nostre
2344 1232 2395 1274 et
2418 1227 2556 1274 10611-

619 1322 839 1368 tudinum
878 1320 1091 1366 omnium
1131 1332 1247 1379 quas
1284 1317 1499 1365 canonici
1539 1317 1602 1365 de
1639 1316 1798 1365 Scona
1835 1320 2080 1380 percipere
2119 1317 2468 1367 consueverunt
2503 1319 2555 1366 in

618 1412 830 1473 coquinis
853 1416 904 1458 et
926 1410 1137 1457 lardariis
1160 1406 1330 1456 nostris
1354 1414 1405 1455 et
1430 1407 1618 1471 Regino
1641 1406 1807 1470 sponse
1837 1407 1997 1458 nostre
2021 1416 2072 1458 et
2093 1388 2181 1473 pro
2205 1410 2403 1458 decimis
2438 1425 2556 1472 quas

618 1501 834 1550 {imiliter
866 1502 1109 1564 percipere
1147 1498 1495 1549 consueverunt
1530 1500 1581 1547 in
1612 1500 1751 1548 terris
1790 1499 1962 1549 nostris
2000 1503 2060 1550 de
2083 1501 2202 1550 Blar
2234 1501 2409 1550 dedifl'e
2443 1518 2556 1551 con-

619 1592 790 1643 00111Πο
807 1600 857 1641 et
873 1594 962 1641 hac
979 1598 1110 1641 carta
1131 1589 1289 1639 nostra
1311 1590 1604 1639 confirmasse
1622 1591 1729 1640 Deo
1753 1598 1804 1640 et
1826 1594 1970 1641 beato
1989 1593 2222 1642 Michaeli
2247 1595 2307 1641 (10
2325 1594 2484 1643 Scona
2505 1602 2556 1643 et

620 1686 855 1734 canonicis
894 1685 1072 1731 ibidem
1113 1683 1219 1730 Deo
1259 1681 1575 1730 servientibus
1615 1688 1667 1730 et
1705 1683 1756 1729 in
1797 1688 2087 1744 perpetuum
2126 1681 2368 1730 servituris
2405 1690 2557 1731 terras

619 1775 797 1823 nostras
836 1776 896 1822 de
934 1790 1107 1838 magna
1145 1773 1262 1822 Blar
1301 1780 1352 1822 et
1392 1775 1453 1821 de
1498 1789 1645 1836 parva
1679 1773 1797 1822 Blar
1835 1774 2054 1836 exceptis
2099 1774 2284 1822 duabus
2324 1775 2558 1823 carucatis

621 1876 744 1914 terre
785 1872 835 1914 et
876 1866 1072 1912 dimidia
1116 1864 1399 1913 mensuratis
1439 1865 1490 1911 in
1529 1865 1673 1913 feudo
1715 1866 1777 1914 de
1812 1881 1989 1929 magna
2028 1864 2146 1913 Blar
2185 1881 2303 1927 quas
2339 1866 2558 1914 dedimus

619 1958 859 2005 monachis
882 1957 942 2004 (10
966 1956 1128 2019 Cupyr
1150 1957 1200 2004 111
1224 1956 1530 2005 excambium
1561 1957 1910 2005 communionis
1932 1972 2067 2005 more
2089 1958 2150 2005 de
2172 1956 2289 2006 Blar
2311 1973 2405 2019 qua
2426 1959 2559 2020 prius

620 2047 688 2096 ufi
704 2049 899 2096 fuerunt
934 2047 1146 2096 Tenend.
1166 2054 1216 2095 et
1232 2046 1455 2095 Habend.
1473 2046 1649 2095 eisdem
1667 2049 1908 2096 canonicis
1923 2048 1974 2095 111
1993 2048 2194 2096 liberam
2208 2055 2259 2097 et
2272 2056 2559 2111 perpetuam

622 2138 925 2189 elemofinam
957 2155 1042 2201 per
1071 2141 1223 2187 re&as
1251 2137 1421 2186 divisas
1451 2138 1558 2188 suas
1597 2146 1648 2187 et
1682 2155 1794 2188 cum
1832 2140 2053 2187 omnibus
2085 2137 2220 2187 iustis
2256 2141 2561 2202 pertinentiis
2658 2144 2662 2148 '

622 2232 714 2280 suis
736 2234 786 2279 in
808 2230 947 2279 bosco
970 2238 1020 2279 et
1043 2231 1185 2294 plano
1208 2232 1258 2278 in
1281 2231 1421 2278 terris
1445 2237 1496 2279 et
1520 2231 1656 2293 aquis
1686 2232 1738 2278 111
1772 2232 1923 2294 pratis
1945 2238 1997 2279 et
2027 2230 2211 2294 pascuis
2245 2233 2296 2278 in
2329 2234 2475 2280 moris
2510 2240 2560 2280 et

624 2321 831 2372 marefiis
854 2325 903 2371 in
927 2320 1102 2386 stagnis
1134 2329 1184 2370 et
1207 2322 1494 2370 molendinis
1529 2338 1640 2371 cum
1662 2321 1798 2371 socco
1834 2329 1886 2371 et
1918 2322 2052 2372 sacca
2085 2339 2196 2372 cum
2218 2324 2354 2372 furca
2375 2330 2426 2371 et
2450 2322 2564 2372 fofla

626 2431 736 2463 cum
758 2415 833 2462 tol
859 2421 909 2462 et
932 2421 1063 2477 teym
1086 2414 1460 2477 infangandthef
1476 2420 1528 2462 et
1551 2429 1663 2462 cum
1687 2415 1910 2462 omnibus
1931 2414 2037 2462 aliis
2060 2415 2121 2463 ad
2143 2415 2378 2477 predictas
2411 2421 2562 2463 terras

631 2503 749 2553 iuste
772 2507 1124 2568 pertinentibus
1141 2506 1293 2554 libere
1309 2507 1472 2567 quiete
1490 2506 1704 2568 plenarie
1722 2511 1774 2553 et
1790 2506 2051 2554 honorifice
2103 2504 2345 2554 Faciendo
2367 2505 2562 2554 forinse-

629 2613 737 2644 cum
751 2596 995 2645 servitium
1013 2603 1203 2645 tantum
1219 2597 1345 2659 quod
1359 2597 1571 2659 pertinet
1584 2596 1644 2643 ad
1659 2596 1871 2660 quinque
1885 2596 2118 2645 davachas
2133 2602 2260 2645 terre
2299 2595 2562 2645 Servitium

628 2704 739 2736 vero
760 2690 1004 2751 pertinens
1027 2689 1087 2737 ad
1108 2687 1293 2736 sextam
1327 2688 1589 2736 davacham
1613 2687 1674 2736 de
1695 2686 1814 2737 Blar
1840 2687 1979 2735 dietis
2009 2689 2251 2736 canonicis
2273 2687 2563 2737 Remifimus

627 2795 710 2841 pro
733 2780 944 2841 predicta
981 2785 1109 2827 terra
1143 2795 1287 2841 quam
1318 2779 1612 2828 contulimus
1650 2779 1896 2829 monachis
1931 2779 1993 2826 de
2015 2778 2167 2842 Cupir
2233 2778 2392 2828 Saluis
2425 2780 2564 2829 nobis

626 2871 812 2932 placitis
835 2877 886 2919 et
908 2871 1112 2932 querelis
1135 2877 1185 2919 et
1218 2871 1520 2920 libertatibus
1556 2871 1618 2920 ad
1653 2884 1879 2923 coronam
1914 2867 2124 2918 nostram
2155 2869 2480 2932 spe-&antibus
2503 2872 2563 2919 (10

627 2962 822 3023 prefatis
844 2963 982 3010 terris
1050 2962 1155 3010 Nos
1178 2969 1343 3011 autem
1366 2962 1445 3010 vel
1480 2961 1682 3010 heredes
1704 2958 1853 3008 nostri
1886 2961 2077 3009 nullum
2099 2960 2398 3009 forestarium
2419 2962 2565 3010 habe·

628 3053 783 3100 bimus
806 3054 855 3100 in
879 3053 1015 3101 diffisis
1038 3055 1178 3102 terris
1200 3069 1291 3103 nec
1314 3054 1427 3101 (11ἃί
1452 3052 1669 3101 canonici
1691 3067 1778 3114 per
1798 3050 1847 3099 se
1870 3051 1948 3100 vel
1981 3067 2069 3115 per
2096 3052 2215 3100 alios
2237 3053 2382 3101 modo
2403 3053 2564 3115 aliquo

631 3143 937 3191 venabuntur.
963 3145 1014 3192 in
1047 3143 1223 3193 eisdem
1260 3145 1400 3194 terris
1434 3144 1495 3192 ad
1530 3143 1655 3192 feras
1684 3139 1868 3191 nostras
1901 3144 2159 3206 capiendas
2237 3141 2459 3192 Testibus
2494 3144 2564 3190 W

634 3235 725 3295 epo
752 3232 977 3296 glasguefi
1011 3234 1197 3284 cancefl
1218 3215 1259 3283 ὅ
1282 3234 1372 3298 εῑκ)
1396 3233 1578 3283 <inbias
1602 3233 1643 3281 P
1665 3231 1773 3281 eoffi
1797 3233 1858 3282 de
1881 3234 2034 3282 dabar
2057 3232 2127 3280 w
2149 3233 2204 3282 fii
2225 3233 2352 3282 alani
2375 3233 2565 3283 Senes&

635 3320 775 3370 iustic
797 3322 905 3371 10οὅ
928 3323 996 3369 W
1021 3324 1207 3373 Olifard
1230 3324 1388 3374 Justic
1415 3325 1629 3373 Laodon.
1653 3323 1816 3372 Dauid
1838 3323 2095 3373 Mar-scallo
2125 3322 2284 3372 Wfflo
2317 3324 2378 3372 de
2411 3324 2571 3373 lindef

634 3413 779 3475 Apud
802 3414 1074 3475 Treuequer
1095 3416 1249 3477 primo
1272 3417 1350 3464 die
1372 3415 1506 3478 Junij
1532 3415 1680 3463 Anno
1706 3415 1866 3478 Regni
1890 3415 2070 3463 domini
2093 3417 2218 3479 regis
2241 3416 2341 3477 xxj.
