2982 4016
651 528 709 575 68
777 559 780 561 Α
892 575 901 584 .
1325 515 1530 564 LIBER
1567 509 1898 560 ECCLESIE
2331 521 2432 554 sac.
2460 520 2575 553 xm.

650 657 781 703 vobis
814 655 1009 703 clericos
1032 652 1108 699 vel
1133 651 1274 698 laicos
1298 648 1469 694 liberos
1492 651 1543 692 et
1566 642 1806 691 absolutos
1840 657 1868 688 e
1901 639 2062 687 seculo
2096 639 2338 702 fugientes
2371 640 2432 686 ad
2466 653 2579 686 con-

651 745 909 794 versionem
932 746 1138 805 recipere
1172 757 1226 788 ac
1260 754 1340 786 eos
1374 735 1550 797 absque
1585 733 1960 782 contradifflone
1994 731 2156 791 aliqua
2187 731 2396 806 retinere
2464 729 2580 776 Pro-

651 838 866 885 hibemus
888 834 1076 895 insuper
1097 837 1152 878 ut
1175 830 1293 876 nulli
1329 829 1528 875 fratrum
1563 822 1826 871 vestrorum
1860 820 1966 884 post
1999 821 2173 868 faaam
2207 822 2258 867 in
2292 818 2579 868 monasterio

654 925 804 975 vestro
837 922 1162 987 professionem
1187 921 1255 966 fas
1279 916 1337 965 fit
1360 915 1458 964 fine
1492 916 1677 963 abbatis
1711 913 1781 960 sui
1816 913 2018 960 licencia
2051 913 2112 959 de
2146 912 2318 959 eodem
2352 911 2458 959 loco
2491 909 2580 958 nifi

653 1018 839 1065 arcioris
862 1014 1098 1075 religionis
1121 1012 1324 1057 obtentu
1342 1006 1581 1054 discedere
1649 1004 1992 1052 Discedentem
2012 1019 2125 1050 vero
2143 1000 2319 1063 absque
2337 1003 2581 1049 communi

656 1110 917 1154 litterarum
962 1100 1218 1149 vestrarum
1263 1099 1486 1146 cautione
1530 1096 1692 1143 nullus
1738 1096 1914 1143 audeat
1958 1095 2168 1141 retinere
2267 1093 2583 1140 Prohibemus

654 1197 839 1257 insuper
861 1201 915 1241 ut
938 1193 1059 1239 infra
1080 1191 1198 1237 fines
1229 1189 1449 1251 parochie
1473 1186 1627 1234 vestre
1650 1186 1812 1233 nullus
1840 1182 1939 1232 fine
1963 1183 2144 1232 affensu
2180 1182 2431 1246 dyocesani
2465 1182 2585 1246 epis-

653 1288 756 1349 copi
781 1293 830 1332 et
855 1283 1006 1331 vestro
1029 1282 1258 1343 capellam
1281 1280 1363 1327 seu
1391 1279 1649 1326 oratorium
1684 1274 1973 1324 constituere
2007 1277 2184 1323 audeat
2252 1275 2408 1323 Salvis
2441 1276 2585 1337 privi-

655 1379 787 1441 legiis
811 1375 1088 1438 pontificum
1114 1373 1437 1419 Romanorum
1505 1368 1815 1430 Sepulturam
1849 1382 2038 1429 quoque
2073 1364 2218 1428 ipfius
2254 1366 2347 1413 loci
2382 1366 2583 1414 liberam

654 1467 746 1516 ess'e
776 1468 1073 1514 decernimus
1107 1470 1162 1510 ut
1194 1478 1357 1509 eorum
1392 1460 1636 1507 devotioni
1672 1465 1722 1506 et
1754 1465 1973 1506 extreme
2008 1458 2249 1505 voluntati
2286 1458 2368 1519 qui
2403 1457 2453 1505 se
2486 1457 2586 1504 illic

656 1559 839 1621 sepeliri
894 1555 1260 1603 deliberaverint
1311 1551 1397 1599 nifi
1443 1553 1567 1598 forte
1614 1551 2020 1597 excommunicati
2066 1549 2145 1596 vel
2202 1550 2446 1596 interdicti
2490 1546 2586 1596 fint

656 1650 813 1696 nullus
837 1645 1026 1693 obfistat
1093 1645 1236 1691 Salva
1258 1650 1420 1691 tamen
1435 1641 1628 1704 justicia
1650 1641 1841 1689 illarum
1865 1638 2171 1688 ecclesiarum
2206 1657 2236 1688 a
2265 1641 2438 1702 quibus
2461 1655 2587 1687 mor-

657 1748 846 1786 tuorum
883 1753 1077 1798 corpora
1112 1734 1408 1782 assumuntur
1491 1733 1717 1781 Decimas
1750 1738 1972 1795 preterea
2005 1738 2056 1780 et
2090 1730 2389 1795 poffeffiones
2423 1732 2484 1779 ad
2507 1732 2588 1793 jus

656 1828 954 1877 ecclesiarum
992 1825 1249 1874 vestrarum
1294 1825 1560 1887 spectantes
1606 1841 1700 1886 que
1744 1841 1774 1872 a
1818 1824 1951 1871 laicis
1996 1825 2277 1871 detinentur
2320 1823 2588 1871 redimendi

657 1928 706 1968 et
738 1921 974 1982 legittime
1006 1918 1236 1965 liberandi
1269 1918 1328 1964 de
1363 1918 1582 1964 manibus
1616 1931 1781 1963 eorum
1819 1922 1870 1962 et
1906 1916 1966 1963 ad
2001 1913 2223 1963 ecclefias
2246 1916 2307 1963 ad
2330 1930 2447 1976 quas
2483 1930 2589 1977 per-

656 2013 814 2058 tinent
835 2010 1084 2057 revocandi
1109 2009 1257 2055 libera
1280 2007 1338 2055 fit
1357 2009 1490 2055 vobis
1514 2009 1572 2055 de
1596 2005 1757 2054 nostra
1779 2008 2063 2054 au&oritate
2086 2006 2291 2054 facultas
2359 2005 2589 2054 Obeunte

657 2118 767 2149 vero
812 2108 862 2148 te
907 2116 1033 2147 nunc
1074 2098 1281 2161 ejusdem
1320 2100 1413 2146 loci
1452 2100 1626 2146 abbate
1666 2099 1743 2146 vel
1783 2104 1979 2146 tuorum
2019 2099 2236 2160 quolibet
2275 2096 2591 2146 success'orum

658 2193 818 2239 nullus
856 2192 921 2238 ibi
958 2191 1168 2251 qualibet
1213 2189 1516 2251 surreptionis
1562 2188 1739 2237 astucia
1782 2189 1864 2236 seu
1901 2190 2132 2237 violentia
2169 2196 2463 2252 preponatur
2501 2187 2589 2236 nifi

660 2298 801 2343 quem
837 2282 1003 2328 fratres
1038 2283 1276 2328 communi
1311 2279 1536 2328 consensu
1570 2282 1648 2328 vel
1685 2281 1887 2330 fratrum
1927 2297 2035 2343 pars
2075 2282 2267 2344 majoris
2307 2289 2358 2329 et
2397 2281 2592 2329 sanioris

662 2371 838 2434 confilij
884 2371 1139 2419 secundum
1181 2373 1323 2419 deum
1358 2378 1408 2419 et
1442 2373 1571 2420 beati
1617 2372 1877 2436 Augustini
1917 2373 2134 2437 regulam
2172 2374 2468 2435 providerint
2507 2373 2592 2420 eli-

662 2465 871 2526 gendum
944 2462 1056 2509 Paci
1102 2478 1289 2523 quoque
1329 2469 1380 2510 et
1425 2464 1763 2525 tranquillitati
1811 2463 1965 2511 vestre
2010 2470 2210 2526 paterna
2253 2465 2306 2510 in
2350 2461 2592 2526 posterum

663 2553 977 2601 sollicitudine
1016 2554 1261 2614 providere
1300 2554 1516 2601 volentes
1557 2556 1843 2603 au&oritate
1882 2552 2139 2617 apostolica
2182 2555 2490 2616 prohibemus
2536 2561 2593 2602 ut

665 2645 785 2691 infra
819 2642 1053 2691 clausuras
1084 2644 1294 2691 locorum
1326 2644 1408 2692 seu
1440 2647 1743 2708 grangiarum
1778 2643 2040 2693 vestrarum
2074 2645 2236 2692 nullus
2270 2647 2486 2708 rapinam
2509 2645 2592 2693 seu

665 2736 845 2782 furtum
882 2735 1036 2782 facere
1080 2736 1240 2797 ignem
1287 2751 1524 2797 apponere
1560 2735 1837 2800 sanguinem
1875 2737 2076 2783 fundere
2120 2737 2364 2784 hominem
2409 2742 2594 2784 temere

666 2841 833 2887 capere
856 2825 929 2872 vel
967 2826 1232 2872 interficere
1258 2824 1339 2873 seu
1362 2827 1639 2874 violentiam
1673 2829 1850 2875 audeat
1883 2843 2109 2875 exercere
2176 2827 2406 2875 Preterea
2428 2842 2594 2875 omnes

668 2916 912 2963 libertates
934 2922 985 2963 et
1008 2916 1335 2963 immunitates
1359 2933 1387 2964 a
1408 2915 1807 2978 predecessoribus
1829 2916 1999 2965 nostris
2023 2918 2255 2965 Romanis
2288 2918 2595 2980 pontificibus

670 3004 863 3053 ecclefle
894 3005 1046 3054 vestre
1084 3004 1317 3055 concessas
1355 3024 1542 3055 necnon
1577 3009 1826 3056 libertates
1860 3015 1912 3056 et
1945 3010 2278 3071 exemptiones
2311 3008 2595 3057 secularium

672 3097 968 3143 exaffionum
986 3113 1014 3144 a
1028 3097 1239 3160 Regibus
1257 3104 1306 3145 et
1323 3099 1613 3161 principibus
1631 3099 1709 3147 vel
1726 3100 1831 3147 aliis
1854 3100 2075 3148 fidelibus
2097 3100 2446 3148 rationabiliter
2461 3100 2596 3147 vobis

674 3186 880 3233 indultas
903 3189 1182 3236 au&oritate
1205 3187 1458 3251 apostolica
1480 3186 1815 3238 confirmamus
1839 3197 1890 3238 et
1913 3190 2145 3254 presentis
2162 3190 2323 3252 scripti
2346 3190 2595 3254 privilegio

676 3278 1020 3325 communimus
1059 3278 1373 3328 Decernimus
1391 3296 1503 3344 ergo
1517 3287 1573 3328 ut
1587 3281 1709 3328 nulli
1728 3283 1923 3330 omnino
1937 3283 2187 3330 hominum
2201 3282 2345 3330 liceat
2357 3282 2597 3343 prefatum
