3054 4042
427 531 720 566 REG.DAV1D
744 531 799 564 11.
978 515 1028 564 S.
1062 512 1456 564 TRINITATIS
1491 517 1584 564 DE
1619 517 1812 567 SOON.
2275 531 2361 574 111

431 649 724 696 ratificamus
757 648 1074 710 approbamus
1108 652 1159 695 et
1190 652 1358 694 tenore
1394 645 1624 709 presentis
1663 655 1793 697 carte
1832 649 1990 698 nostre
2022 667 2107 713 pro
2143 655 2280 703 nobis
2311 664 2362 705 et

431 740 684 787 heredibus
707 737 879 786 nostris
902 740 953 786 in
975 743 1264 801 perpetuum
1288 737 1623 785 confirmamus
1690 739 1751 786 In
1779 740 1913 802 cujus
1936 742 2005 788 rei
2033 740 2359 792 testimonium

345 890 347 894 ι
429 826 639 889 presenti
686 834 818 876 carte
870 826 1030 875 nostre
1074 825 1282 890 figillum
1327 825 1541 874 nostrum
1585 831 1884 892 precepimus
1923 833 2098 894 apponi
2142 832 2359 883 Testibus

298 1917 407 1960 151.

430 918 782 966 venerabilibus
818 919 1034 981 patribus
1070 919 1276 964 dominis
1300 916 1554 965 Willelmo
1585 918 1866 968 Alexandro
1890 922 2079 985 Rogero
2114 930 2165 971 et
2198 924 2359 972 Adam

431 1008 711 1072 Glasguenfi
739 1007 1060 1057 Abirdonenfi
1089 1005 1302 1056 Rofl'enfi
1337 1014 1388 1055 et
1419 1007 1728 1057 Brechinenfi
1763 1009 2065 1060 ecclefiarum
2096 1014 2174 1061 dei
2207 1017 2360 1077 gratia

430 1100 675 1163 Episcopis
705 1101 920 1148 Roberto
953 1098 1209 1147 senescallo
1244 1099 1408 1147 Scotie
1441 1105 1619 1161 nepote
1653 1099 1812 1148 nostro
1845 1103 2044 1164 patricio
2076 1105 2136 1152 de
2160 1104 2361 1154 Dunbar

430 1193 607 1240 comite
658 1192 869 1241 marchie
915 1190 1169 1238 Willelmo
1221 1191 1397 1237 comite
1448 1190 1509 1237 de
1555 1188 1696 1237 Roffe
1744 1192 1978 1246 mauricio
2035 1195 2096 1242 de
2142 1195 2361 1244 Moravia

431 1282 792 1346 consanguineis
836 1280 1007 1330 nostris
1054 1281 1319 1330 Malcolmo
1365 1280 1602 1343 Flemyng
1638 1280 1890 1329 Willelmo
1936 1285 1995 1331 de
2041 1284 2265 1348 Dowglas
2310 1294 2360 1334 et

429 1374 614 1422 Thoma
647 1375 707 1421 de
747 1373 963 1422 Carnoco
998 1373 1281 1421 cancellario
1317 1370 1479 1419 nostro
1512 1371 1748 1419 militibus
1787 1356 1838 1419 in
1870 1374 2013 1435 pleno
2046 1376 2359 1437 parliamento

430 1463 589 1511 nostro
612 1471 750 1512 tento
774 1463 924 1526 Apud
948 1464 1157 1512 Sconam
1179 1463 1382 1526 septimo
1418 1463 1604 1510 decimo
1639 1463 1717 1511 die
1751 1463 2049 1526 Septembris
2080 1476 2204 1513 anno
2227 1470 2360 1530 regni

429 1554 576 1603 nostri
599 1555 745 1603 tertio
769 1556 968 1603 decimo.

431 1737 578 1785 Carta
601 1736 800 1784 Davidis
824 1736 971 1799 Regis
995 1735 1346 1784 confirmatoria
1370 1737 1582 1798 thanagii
1607 1737 1666 1783 de
1691 1736 1860 1784 Scona.

436 1900 619 1964 David
658 1915 754 1965 Dei
788 1918 943 1980 gratia
974 1916 1083 1964 Rex
1115 1916 1394 1965 Scottorum
1428 1914 1668 1964 Omnibus
1707 1918 1866 1979 probis
1905 1918 2176 1966 hominibus
2215 1921 2363 1967 totius

432 2014 559 2056 terre
581 2006 664 2055 sue
685 2007 891 2056 salutem
938 2008 1112 2056 Sciatis
1146 2023 1233 2055 nos
1255 2004 1506 2070 inspexisse
1540 2022 1595 2054 ac
1619 2007 1852 2054 veraciter
1873 2006 2160 2056 intellexisse
2185 2014 2364 2057 cartam

434 2100 616 2147 domini
633 2100 781 2162 patris
804 2097 951 2147 nostri
969 2099 1142 2147 factam
1158 2096 1387 2163 religiofis
1406 2100 1518 2146 viris
1541 2097 1727 2146 Abbati
1745 2105 1795 2146 et
1813 2100 2073 2146 conventui
2095 2098 2363 2163 monasterij

435 2192 496 2239 de
520 2191 679 2239 Scona
700 2195 799 2238 non
816 2191 1047 2240 abolitam
1069 2207 1167 2239 non
1190 2190 1505 2239 cancellatam
1528 2205 1618 2238 nec
1642 2191 1692 2237 in
1715 2190 1874 2252 aliqua
1892 2189 1963 2238 sui
1985 2196 2123 2253 parte
2145 2193 2366 2240 viciatam

435 2285 484 2330 in
524 2284 615 2331 hec
654 2283 801 2331 verba
845 2282 1088 2331 Robertus
1125 2282 1220 2331 Dei
1255 2284 1411 2346 gratia
1444 2282 1554 2330 Rex
1599 2281 1877 2329 Scottorum
1917 2283 1997 2346 [3⁴²
2026 2289 2076 2330 ut
2102 2283 2249 2346 supra
2277 2282 2366 2331 No.

437 2372 575 2435 131.]
660 2374 820 2430 Quam
866 2375 1062 2435 quidem
1107 2374 1302 2422 Cartam
1347 2375 1405 2420 in‘
1443 2374 1666 2421 omnibus
1709 2374 1898 2435 punffls
1942 2375 2156 2423 articulis
2207 2376 2368 2423 condi-

434 2465 647 2512 tionibus
689 2470 741 2513 et
779 2463 1147 2514 circumstantiis
1186 2463 1282 2513 suis
1321 2466 1475 2512 forma
1518 2465 1698 2526 pariter
1743 2470 1792 2512 et
1840 2464 2012 2512 effe&u
2058 2464 2163 2513 Nos
2209 2467 2368 2515 divine
2450 2520 2452 2522 v

435 2557 648 2604 caritatis
684 2557 867 2603 intuitu
904 2562 954 2603 et
990 2572 1075 2618 pro
1109 2555 1262 2604 salute
1298 2557 1457 2604 anime
1496 2555 1656 2603 nostre
1696 2562 1746 2603 et
1785 2571 1870 2618 pro
1911 2555 2063 2604 salute
2103 2559 2366 2605 animarum

437 2649 651 2695 omnium
674 2644 1019 2695 antecessorum
1042 2653 1093 2695 et
1114 2645 1429 2695 successorum
1451 2646 1720 2695 nostrorum
1742 2647 2030 2696 ratificamus
2053 2647 2365 2711 approbamus

438 2745 488 2786 et
511 2744 679 2786 tenore
700 2736 934 2800 presentis
979 2743 1110 2786 carte
1138 2735 1296 2787 nostre
1328 2754 1415 2801 pro
1447 2739 1586 2787 nobis
1610 2745 1661 2786 et
1691 2740 1945 2786 heredibus
1980 2737 2150 2786 nostris
2183 2741 2233 2786 in
2260 2755 2364 2800 per-

437 2835 640 2892 petuum
675 2829 1010 2876 confirmamus
1077 2827 1138 2876 In
1169 2830 1305 2892 cujus
1343 2831 1414 2878 rei
1449 2828 1777 2878 testimonium
1811 2828 2018 2891 presenti
2045 2835 2175 2876 carte
2208 2827 2364 2876 nostre

439 2919 647 2984 figillum
681 2918 896 2967 nostrum
931 2922 1229 2983 precepimus
1264 2923 1439 2984 apponi
1512 2919 1730 2969 Testibus
1767 2919 2114 2967 venerabilibus
2149 2921 2362 2982 patribus

442 3013 646 3059 dominis
689 3010 941 3058 Willelmo
981 3011 1172 3075 Rogero
1216 3012 1497 3061 Alexandro
1538 3018 1589 3059 et
1634 3011 1795 3059 Adam
1839 3007 2117 3073 Glasguenfi
2154 3009 2363 3058 Rofl'enfi

441 3099 727 3151 Abirdonefi
767 3107 819 3149 et
851 3101 1159 3150 Brechinenfi
1202 3101 1507 3152 ecclesiarum
1546 3102 1640 3149 Dei
1675 3103 1828 3163 gratia
1864 3099 2108 3162 Episcopis
2149 3093 2378 3149 Roberto'

442 3191 697 3243 senescallo
734 3193 899 3241 Scotie
937 3199 1114 3256 nepote
1152 3193 1312 3242 nostro
1350 3194 1557 3242 Patricio
1595 3193 1655 3239 de
1695 3191 1895 3238 Dunbar
1933 3192 2108 3238 comite
2145 3190 2365 3241 Marchie

444 3262 697 3333 Willelmo
737 3285 914 3333 comite
950 3285 1010 3333 de
1046 3284 1167 3334 Ross
1200 3284 1549 3349 consanguineo
1585 3281 1744 3330 nostro
1779 3281 2016 3329 Mauricio
2051 3281 2113 3330 de
2147 3281 2365 3330 Moravia
