2982 4016
662 540 689 586 6
1330 528 1534 577 LIBER
1570 523 1896 573 ECCLESIE
2363 536 2462 570 sse.
2489 536 2582 569 xu.

665 668 854 715 illorum
879 668 926 712 in
951 662 1269 711 Kincarrekin
1299 660 1503 707 alterum
1538 659 1587 704 in
1620 655 1771 702 insula
1799 656 1923 716 regis
1958 659 2008 699 et
2032 668 2180 700 vuum
2203 659 2307 700 rete
2330 654 2380 699 in
2406 653 2583 699 Foreth

666 758 789 819 apud
815 755 1044 803 Striuelin
1069 760 1118 799 et
1142 765 1313 798 canum
1338 755 1387 795 et
1411 746 1775 795 consuetudines
1790 746 1928 790 vnius
1950 745 2086 791 nauis
2109 741 2306 806 singulis
2328 745 2465 791 annis
2488 742 2586 790 fiue

667 849 850 910 proprie
874 846 1009 892 nauis
1032 842 1364 889 canonicorum
1389 839 1448 885 de
1472 837 1598 884 Seon
1618 835 1716 882 flue
1741 834 1896 882 aliene
1919 836 2055 882 nauis
2080 850 2222 896 quam
2245 834 2589 896 proloquentur

668 937 765 984 siue
788 935 883 998 ipsa
916 950 999 995 per
1029 946 1190 979 eorum
1215 929 1588 991 prolocutionem
1615 927 1674 973 ad
1699 931 1874 972 terram
1909 926 2034 987 regis
2058 926 2106 971 in
2131 922 2284 972 estate
2306 923 2590 987 applicuerit

670 1026 767 1074 flue
791 1027 838 1072 in
867 1026 1023 1070 hieme
1057 1027 1107 1067 et
1130 1034 1295 1066 omnes
1325 1018 1472 1080 pelles
1502 1018 1665 1063 ouium
1701 1031 1795 1077 que
1829 1030 2059 1078 agnorum
2095 1016 2154 1062 ad
2185 1016 2439 1076 coquinam
2466 1017 2592 1078 regis

669 1116 1008 1178 pertinentium
1046 1116 1250 1172 excepta
1289 1123 1569 1169 vnaquaque
1610 1106 1745 1153 sexta
1778 1106 1906 1167 pelle
1943 1112 1993 1152 61
2029 1107 2120 1154 1106
2163 1121 2223 1153 ex
2261 1106 2485 1167 aquilone
2532 1107 2591 1152 de

672 1206 977 1252 Lambremor
1011 1209 1061 1248 et
1095 1202 1224 1248 omni
1260 1201 1337 1246 die
1373 1198 1610 1244 dominica
1642 1206 1782 1244 extra
1805 1193 2213 1258 quadragesimam
2241 1202 2445 1258 excepta
2481 1210 2594 1257 qua-

670 1297 786 1342 libet
810 1293 942 1341 sexta
964 1293 1202 1339 dominica
1226 1305 1372 1336 vnum
1393 1303 1585 1335 coreum
1605 1303 1747 1334 vacce
1773 1285 1871 1334 flue
1893 1287 2031 1333 bouis
2049 1284 2266 1334 fimiliter
2288 1303 2349 1334 ex
2373 1286 2596 1348 aquilone

671 1387 730 1432 de
767 1385 1074 1432 Lambrcmor
1107 1389 1157 1429 et
1191 1381 1439 1427 dimidium
1472 1380 1627 1425 tocius
1661 1376 1758 1439 sepi
1798 1383 1850 1424 et
1884 1378 2011 1424 vnffl
2047 1383 2098 1424 et
2131 1377 2374 1440 sagiminis
2410 1393 2504 1438 que
2538 1378 2598 1424 ad

673 1483 854 1537 partem
880 1476 1003 1536 regis
1027 1472 1239 1534 spe&ant
1262 1478 1312 1517 et
1331 1471 1563 1517 decimam
1588 1470 1743 1516 tocius
1767 1469 1903 1530 panis
1927 1469 2097 1515 domus
2119 1470 2244 1531 regis
2267 1469 2356 1516 hec
2382 1466 2598 1515 {imiliter

675 1584 734 1614 cx
759 1566 977 1627 aquilone
1014 1572 1062 1610 61
1097 1562 1297 1609 insulam
1331 1562 1391 1608 (16
1426 1561 1643 1622 Lochtey
1677 1575 1787 1607 eum
1822 1558 1917 1606 suis
1951 1561 2262 1621 pertinenciis
2303 1567 2354 1607 et
2388 1560 2600 1622 plenarie

675 1660 850 1704 curiam
886 1655 1014 1702 suam
1040 1656 1088 1701 in
1114 1653 1273 1700 duello
1310 1653 1431 1699 ferro
1467 1658 1517 1698 et
1541 1667 1664 1713 aqua
1687 1667 1797 1698 cum
1824 1651 2044 1698 omnibus
2079 1651 2382 1699 libertatibus
2412 1651 2516 1699 aliis
2540 1652 2599 1698 ad

676 1750 850 1795 curiam
887 1746 1235 1808 pertinentibus
1271 1759 1379 1790 cum
1415 1743 1640 1790 libert-ate
1675 1743 1856 1789 nemini
1896 1740 2212 1803 respondendi
2249 1748 2389 1789 extra
2419 1743 2599 1790 curiam

676 1840 907 1900 propriam
976 1837 1056 1883 Ad
1087 1841 1348 1882 memorate
1387 1849 1498 1881 vero
1532 1834 1767 1880 bonorum
1802 1829 1998 1880 ecclefie
2034 1835 2477 1897 augmentationem
2516 1835 2601 1881 has

675 1930 828 1975 eidem
852 1926 1045 1975 ecclesie
1068 1923 1362 1987 poss'effiones
1387 1931 1437 1971 et
1461 1924 1709 1971 libertates
1739 1923 2024 1986 subscriptas
2058 1924 2264 1971 contulit
2298 1923 2494 1972 illustris
2516 1940 2602 1972 rex

679 2019 836 2066 Dauid
860 2019 919 2064 ad
943 2018 1124 2078 prefate
1149 2013 1344 2063 ecclesie
1369 2015 1534 2062 lumen
1569 2015 1741 2077 viginti
1764 2013 1936 2061 solidos
1961 2015 2020 2061 (16
2043 2014 2180 2062 firma
2202 2015 2262 2062 de
2287 2014 2435 2062 Perth
2460 2022 2510 2063 et
2543 2017 2603 2062 ad

678 2110 802 2156 idem
840 2110 1005 2155 decem
1042 2107 1212 2153 solidos
1236 2108 1295 2153 de
1327 2106 1463 2153 firma
1494 2106 1878 2153 molendinorum
1915 2106 1974 2152 de
2012 2105 2162 2152 Perth
2202 2111 2253 2152 et
2289 2106 2602 2153 medietatem

680 2202 910 2246 coriorum
935 2199 993 2244 de
1017 2196 1326 2244 occisionibus
1349 2198 1408 2244 ad
1431 2212 1550 2258 opus
1575 2197 1700 2258 regis
1718 2196 1854 2243 faffis
1873 2212 1934 2243 ex
1958 2196 2183 2258 aquilone
2207 2196 2267 2243 de
2285 2195 2370 2243 Tei
2395 2203 2446 2243 et
2464 2197 2603 2244 dimi-

681 2291 811 2336 dium
850 2289 945 2350 sepi
982 2295 1032 2335 et
1072 2290 1317 2335 vn&orum
1362 2288 1619 2334 earundem
1657 2284 1944 2334 occifionum
1986 2293 2038 2334 et
2074 2285 2454 2334 Cambesmichel
2493 2304 2603 2335 cum

681 2380 950 2426 hominibus
986 2381 1122 2426 terris
1168 2386 1217 2425 et
1256 2380 1389 2439 aquis
1435 2380 1584 2440 pratis
1623 2378 1808 2440 pascuis
1849 2378 1988 2427 bosco
2030 2385 2080 2426 et
2120 2379 2262 2440 plano
2305 2385 2355 2425 et
2391 2378 2601 2441 piscariis

684 2485 793 2516 cum
826 2470 963 2515 refitis
1003 2471 1103 2515 eius
1144 2468 1303 2515 diuisis
1338 2478 1388 2515 et
1422 2484 1531 2515 cum
1572 2470 1794 2516 omnibus
1830 2468 1924 2517 suis
1960 2471 2265 2532 pertinentiis
2306 2476 2356 2516 et
2393 2470 2606 2532 plenarie

684 2565 835 2606 totam
868 2560 1098 2606 decimam
1130 2574 1236 2605 mee
1269 2559 1510 2620 prebende
1545 2565 1596 2606 61
1630 2558 1769 2607 brasii
1804 2566 1856 2607 et
1890 2562 1996 2609 cani
2033 2561 2270 2608 coriorum
2304 2575 2520 2607 meorum
2555 2568 2605 2608 et

686 2648 922 2696 caseorum
947 2650 1005 2695 de
1033 2650 1124 2695 hiis
1158 2654 1362 2709 quatuor
1394 2650 1617 2696 maneriis
1638 2652 1759 2698 meis
1783 2652 1844 2698 de
1867 2651 2083 2700 Gouerin
2105 2649 2283 2698 scilicet
2309 2651 2369 2697 de
2392 2650 2520 2699 Scon
2555 2659 2606 2698 et

685 2741 745 2786 de
775 2739 958 2787 Cubcrt
990 2745 1040 2785 et
1065 2739 1123 2785 de
1156 2738 1402 2800 Forgrund
1426 2746 1477 2786 et
1501 2741 1560 2787 de
1590 2740 1866 2789 Straderdel
1890 2749 1941 2789 et
1964 2743 2199 2789 decimam
2222 2742 2606 2789 molendinorum

686 2845 899 2876 meorum
937 2829 1101 2875 Amun
1137 2835 1187 2875 ct
1211 2827 1452 2876 eeclesiam
1484 2831 1542 2876 de
1568 2831 1894 2879 Louchforuer
1922 2848 2034 2880 cum
2068 2833 2265 2880 decimis
2288 2839 2339 2879 et
2361 2834 2607 2880 16611111ᾶί-

687 2920 826 2967 nibus
859 2920 919 2967 ad
953 2918 1098 2981 ipsam
1132 2922 1480 2980 pertinentibus
1517 2928 1568 2968 et
1598 2920 1846 2970 ecclesiam
1877 2924 1938 2970 (16
1961 2922 2207 2971 Kerintun
2241 2939 2353 2970 cum
2384 2924 2605 2971 omnibus

687 3011 746 3057 ad
769 3010 900 3057 illam
934 3010 1284 3071 pertinentibus
1318 3017 1370 3058 et
1393 3012 1626 3060 decimam
1659 3014 1811 3060 totius
1843 3014 2066 3076 parochie
2096 3014 2157 3061 de
2192 3013 2319 3062 Scon
2343 3015 2394 3061 in
2417 3029 2607 3061 annona

687 3102 735 3145 111
766 3098 909 3147 caseis
939 3101 988 3145 in
1021 3101 1318 3161 captionibus
1345 3101 1542 3163 piscium
1572 3109 1623 3150 et
1645 3088 1696 3149 in
1719 3105 1942 3151 omnibus
1963 3104 2069 3152 aliis
2092 3105 2218 3151 vnde
2241 3105 2428 3152 decima
2449 3104 2606 3151 danda

688 3188 757 3235 est
790 3196 840 3235 61
867 3190 924 3236 ad
952 3196 1141 3251 portum
1177 3192 1339 3253 regine
1373 3192 1577 3240 liberum
1613 3190 1865 3240 tranfitum
1895 3192 1979 3256 ipsi
2005 3194 2167 3242 abbati
2197 3200 2247 3241 61
2271 3194 2511 3241 canonicis
2545 3195 2605 3240 de

690 3278 814 3324 Scon
848 3285 898 3325 et
921 3282 1282 3341 eorumpropriis
1314 3282 1586 3329 hominibus
1622 3289 1673 3329 et
1707 3284 1922 3344 pecuniis
1956 3281 2130 3345 absque
2159 3284 2290 3330 0111111
2313 3283 2496 3330 tributo
2519 3291 2604 3330 aut

689 3369 866 3428 premio
900 3375 950 3415 et
973 3368 1169 3416 liberam
1201 3370 1445 3420 licentiam
1480 3372 1697 3434 capiendi
1720 3373 1970 3421 materiem
1994 3374 2045 3420 in
2068 3373 2343 3421 nemoribus
2366 3374 2487 3420 meis
2520 3390 2606 3435 per
