3002 4030
544 1803 648 1847 194.

692 497 783 540 154
1062 506 1071 515 ·
1358 493 1563 540 LIBER
1599 491 1924 539 ECCLESIE
2381 505 2481 538 sse.
2499 504 2604 538 xlv.

687 622 780 670 suis
803 621 1106 671 confirmatas
1131 622 1313 671 Damus
1346 624 1414 670 eis
1448 629 1498 669 et
1533 623 1864 670 confirmamus
1897 621 2141 669 licentiam
2174 636 2362 683 quoque
2395 623 2463 668 eis
2497 637 2608 669 con-

687 714 899 761 cedimus
922 714 1189 775 capellanos
1213 728 1324 760 cum
1348 713 1588 760 voluerint
1611 710 1931 774 quoscumque
1954 712 2163 773 ydoneos
2185 712 2235 758 in
2268 709 2378 773 ipfis
2401 708 2609 758 ecclesiis

686 805 892 850 retinere
916 810 966 850 et
989 818 1233 862 removere
1256 802 1415 851 Saluis
1447 804 1584 850 nobis
1619 810 1670 850 et
1703 800 2035 850 successoribus
2068 774 2237 848 nostris
2271 799 2611 863 episcopalibus

687 895 747 941 de
781 895 1000 942 omnibus
1023 891 1230 941 ecclefiis
1251 894 1473 956 prediffis
1501 894 1749 941 annuatim
1783 891 2059 939 Reddendis
2092 915 2104 928 ·
2138 890 2357 952 Excepta
2386 893 2613 939 canonica

688 983 770 1032 sua
802 986 861 1032 de
896 984 1053 1032 Scona
1072 990 1137 1031 et
1169 983 1365 1045 capellis
1398 983 1455 1032 ad
1492 998 1598 1031 eam
1633 982 1984 1044 pertinentibus
2018 995 2134 1042 quas
2161 981 2221 1028 ab
2255 982 2386 1028 omni
2418 979 2612 1029 servicio

687 1075 934 1122 exaffione
967 1075 1203 1122 demanda
1235 1080 1286 1121 et
1319 1073 1662 1122 consuetudine
1695 1070 1944 1133 episcopali
1973 1071 2192 1119 volumus
2225 1078 2276 1118 et
2309 1071 2613 1119 concedimus

687 1163 779 1212 effe
801 1171 1050 1227 exemptas
1072 1189 1084 1202 ·
1108 1164 1168 1211 In
1191 1165 1326 1226 cujus
1349 1165 1417 1211 rei
1441 1162 1766 1212 testimonium
1794 1161 2017 1225 Sigillum
2046 1159 2259 1209 nostrum
2293 1162 2613 1210 auctenticum

682 1261 732 1302 et
755 1253 977 1317 Sigillum
1000 1270 1253 1302 commune
1276 1255 1388 1302 dieti
1412 1254 1610 1315 capituli
1632 1250 1777 1300 nostri
1799 1251 2096 1314 presentibus
2115 1251 2224 1299 sunt
2246 1250 2451 1313 appensa
2467 1251 2613 1312 Apud

688 1344 918 1394 Sanctum
940 1346 1165 1393 andream
1190 1346 1374 1392 decimo
1402 1346 1479 1391 die
1512 1342 1684 1391 menfis
1707 1343 1739 1391 J
1742 1344 1839 1404 unij
1865 1341 2012 1390 Anno
2046 1343 2226 1390 domini
2249 1338 2498 1389 millefimo
2520 1348 2615 1389 tre-

687 1433 944 1483 centefimo
967 1433 1271 1498 nonogesimo
1289 1437 1457 1496 quinto
1481 1460 1492 1472 ·
1843 1417 1845 1419 .

690 1617 832 1664 Bulla
855 1617 1226 1664 confirmationis
1250 1616 1501 1664 Benedicti
1524 1631 1644 1678 pape
1669 1617 1728 1662 de
1751 1613 1959 1663 ecclefiis
1983 1621 2033 1661 et
2057 1614 2251 1676 capellis
2276 1641 2286 1652 ·

693 1783 1001 1846 Benedifitus
1025 1795 1285 1859 Episcopus
1309 1796 1485 1844 Servus
1516 1795 1774 1844 Servorum
1798 1797 1874 1843 dei
1899 1797 1960 1843 ad
1982 1803 2263 1858 perpetuam
2296 1796 2364 1842 rei
2398 1796 2618 1842 memori-

691 1906 768 1937 am
802 1888 981 1937 sincere
1019 1889 1285 1935 devotionis
1324 1886 1523 1935 affefitus
1561 1901 1704 1947 quem
1742 1886 1905 1934 dilecti
1941 1886 2029 1933 filii
2064 1885 2233 1933 Abbas
2267 1891 2318 1933 et
2354 1891 2619 1932 conventus

689 1978 959 2027 monasterii
992 1980 1052 2026 de
1083 1979 1241 2026 Scona
1263 1979 1440 2025 ordinis
1475 1977 1640 2025 Sanciti
1674 1974 1934 2039 Augustini
1968 1976 2307 2024 Sanctiandree
2341 1972 2536 2023 diocesis
2559 1975 2618 2021 ad

689 2087 776 2118 nos
799 2078 850 2118 et
873 2071 1140 2118 Romanam
1170 2075 1346 2131 gerunt
1377 2064 1623 2115 ecclefiam
1656 2082 1844 2114 necnon
1877 2065 2006 2114 sacre
2039 2066 2283 2129 religionis
2314 2063 2535 2113 honestas
2570 2066 2619 2111 in

692 2177 786 2223 qua
824 2162 1017 2208 domino
1054 2160 1286 2207 exhibent
1325 2158 1610 2205 famulatum
1647 2163 1980 2219 promerentur
2013 2163 2070 2204 ut
2104 2171 2269 2204 eorum
2308 2157 2620 2218 petitionibus

690 2258 924 2314 quantum
948 2265 1058 2298 eum
1090 2251 1180 2297 deo
1210 2246 1435 2311 pofiimus
1468 2248 1792 2296 favorabiliter
1825 2262 2091 2295 annuamus
2127 2247 2358 2296 Exhibita
2390 2245 2620 2309 fiquidem

691 2343 826 2390 nobis
849 2357 934 2403 pro
957 2348 1093 2403 parte
1117 2342 1348 2388 di&orum
1372 2339 1580 2387 Abbatis
1613 2346 1664 2386 et
1698 2344 1963 2386 conventus
1996 2339 2170 2400 petitio
2193 2338 2472 2386 continebat
2494 2338 2619 2398 quod

691 2448 843 2495 nuper
877 2431 1160 2479 venerabilis
1187 2431 1336 2478 frater
1369 2429 1619 2478 Walterus
1655 2428 1913 2491 Episcopus
1947 2427 2290 2476 Sanfflandree
2323 2426 2619 2476 confiderans

693 2525 818 2585 quod
862 2521 1200 2570 monasterium
1239 2520 1391 2583 ipsum
1436 2526 1631 2583 propter
1668 2519 1846 2566 multas
1886 2525 1938 2566 et
1978 2517 2183 2567 diversas
2227 2520 2619 2581 congregationes

692 2615 923 2662 nobilium
947 2621 998 2661 et
1020 2618 1300 2675 magnatum
1324 2612 1436 2659 diffi
1461 2611 1618 2674 Regni
1653 2625 1746 2671 que
1778 2610 1896 2657 inibi
1929 2625 2015 2671 pro
2048 2610 2254 2671 negotiis
2286 2606 2429 2670 ipfius
2463 2608 2619 2670 Regni

692 2708 742 2752 in
765 2706 899 2766 cujus
922 2705 1080 2751 medio
1104 2701 1181 2749 vel
1204 2699 1334 2763 quafi
1356 2699 1695 2748 monasterium
1718 2699 1873 2762 ipsum
1907 2697 2118 2747 consistit
2148 2700 2489 2769 pertrafflmdis
2512 2700 2622 2746 hac-

693 2804 835 2843 tenus
858 2796 981 2842 facte
1003 2793 1114 2841 sunt
1148 2799 1199 2840 et
1221 2793 1325 2840 fieri
1348 2790 1503 2839 solent
1537 2791 1693 2838 multa
1727 2791 1934 2852 dampna
1968 2797 2019 2837 et
2051 2792 2214 2852 gravia
2238 2789 2446 2837 subierat
2479 2806 2623 2836 onera

694 2884 1005 2948 expensarum
1028 2883 1347 2946 parochialem
1384 2878 1630 2929 ecclefiam
1665 2882 1725 2927 de
1759 2880 1918 2928 Scona
1951 2895 2061 2927 cum
2084 2878 2179 2927 suis
2203 2881 2262 2927 de
2285 2880 2539 2927 kinfawnis
2563 2881 2621 2926 de

695 2992 806 3039 crag
839 2982 890 3023 et
924 2976 982 3022 de
1017 2974 1148 3022 Rath
1183 2972 1378 3035 capellis
1419 2978 1470 3019 et
1510 2973 1570 3018 de
1604 2971 1678 3033 lyf
1713 2971 1773 3018 de
1812 2970 2120 3033 Invergowry
2156 2971 2216 3017 de
2251 2970 2523 3032 logydunde
2562 2972 2622 3017 de

695 3064 1076 3114 Cambusmichel
1118 3065 1177 3110 de
1221 3059 1490 3124 kilspinedy
1530 3067 1581 3108 et
1621 3062 1680 3108 de
1725 3061 1856 3108 blare
1896 3061 2187 3123 parochiales
2233 3057 2453 3108 eeclefias
2498 3061 2622 3107 diae

695 3153 890 3203 diocefis
925 3171 1018 3216 que
1040 3155 1100 3201 de
1123 3159 1379 3216 patronatu
1406 3150 1613 3214 ipsorum
1636 3150 1844 3199 Abbatis
1867 3157 1916 3199 et
1940 3157 2205 3199 conventus
2239 3166 2301 3198 ex
2329 3148 2622 3198 conceffione

697 3247 850 3309 Regia
883 3243 1094 3293 existunt
1128 3251 1179 3291 et
1213 3258 1330 3305 quas
1362 3242 1604 3291 habebant
1638 3242 1690 3289 in
1723 3257 1890 3303 puram
1925 3248 1976 3289 et
2008 3247 2290 3304 perpetuam
2318 3237 2621 3288 elemofinam

1173 3427 1198 3440 Q
