3002 4030
441 526 554 559 REG.
572 526 683 559 ROB.
702 529 776 560 111.
986 514 1034 561 S.
1069 515 1460 564 TRINITATIS
1496 517 1587 563 DE
1623 518 1815 566 SCON.
2264 527 2355 569 155

440 641 614 690 eisdem
648 643 832 691 Abbati
868 650 917 690 et
952 648 1208 692 conventui
1243 662 1352 693 cum
1386 648 1605 694 omnibus
1630 649 1818 709 juribus
1853 654 1902 695 et
1935 651 2234 710 pertinentiis
2263 651 2356 698 suis

438 734 570 780 dedit
616 740 666 781 et
711 750 843 780 more
889 732 1264 795 predecessorum
1311 735 1498 783 suorum
1546 737 1870 799 episcoporum
1914 738 2236 787 sanfitiandree
2275 743 2354 803 qui

436 823 615 871 fuerint
647 840 732 885 pro
766 830 984 885 tempore
1023 824 1320 872 confirmavit
1359 843 1414 873 ac
1451 829 1519 874 eis
1553 835 1608 875 ut
1642 805 1812 890 ipfi⁸in
1852 828 2028 876 eisdem
2061 828 2269 878 ecclefiis
2305 839 2355 877 et

436 915 631 975 capellis
676 913 969 962 Presbiteros
1015 915 1224 976 ydoneos
1263 917 1343 976 qui
1381 918 1448 963 eis
1500 917 1765 965 deserviant
1805 917 2051 966 instituere
2091 922 2149 966 ad
2190 936 2353 967 eorum

436 1005 736 1054 voluntatem
770 1007 961 1053 valeant
996 1011 1047 1052 et
1081 1003 1338 1053 destituere
1378 1007 1621 1055 licentiam
1661 1007 1884 1056 conceffit
1919 987 2062 1057 Salvo
2090 1012 2198 1071 jure
2238 1010 2354 1072 epis-

434 1097 587 1158 copali
610 1098 661 1144 in
695 1098 916 1144 omnibus
950 1095 1127 1143 eisdem
1162 1095 1369 1144 ecclefiis
1402 1104 1705 1159 preterquam
1738 1102 1787 1146 in
1822 1098 2017 1147 ecclefia
2043 1102 2102 1148 de
2127 1101 2282 1149 Scona
2304 1109 2354 1149 et

433 1186 627 1248 capellis
650 1186 924 1248 supradifitis
951 1201 1067 1247 quas
1100 1187 1293 1247 quidem
1328 1185 1547 1235 ecclefias
1571 1190 1630 1236 de
1665 1189 1822 1237 Scona
1843 1197 1893 1237 et
1916 1191 2118 1252 capellas
2141 1192 2201 1238 ab
2224 1194 2353 1238 omni

433 1275 629 1326 servicio
669 1280 916 1325 exafflone
954 1278 1188 1324 demanda
1223 1283 1273 1324 et
1315 1277 1656 1325 consuetudine
1701 1278 2040 1342 episcopalibus
2079 1283 2259 1328 exemit
2297 1298 2350 1329 ac

432 1367 586 1414 voluit
608 1369 710 1415 fore
745 1374 993 1429 exemptas
1020 1373 1164 1428 prout
1198 1369 1247 1413 in
1283 1368 1456 1414 litteris
1490 1368 1584 1415 suis
1619 1371 1720 1415 eius
1755 1386 1809 1416 ac
1842 1372 2134 1431 prefatorum
2157 1373 2351 1432 capituli

431 1456 593 1521 figillis
615 1457 810 1521 fignatis
832 1473 1034 1520 quarum
1067 1464 1286 1505 tenorem
1319 1457 1616 1519 presentibus
1650 1458 1789 1506 inseri
1813 1461 2014 1508 fecimus
2036 1461 2221 1522 plenius
2244 1478 2354 1510 con-

430 1550 614 1596 tinetur
653 1551 813 1606 Quare
852 1566 937 1611 pro
977 1556 1113 1611 parte
1159 1550 1394 1595 di&orum
1436 1549 1641 1596 Abbatis
1683 1556 1733 1596 et
1778 1557 2043 1598 conuentus
2087 1553 2222 1599 nobis
2261 1553 2353 1600 fuit

430 1641 676 1687 humiliter
709 1640 1027 1703 supplicatum
1063 1647 1119 1687 ut
1154 1642 1335 1687 dationi
1370 1641 1716 1688 confirmationi
1751 1640 2029 1689 conceffioni
2063 1644 2352 1705 exemptioni

429 1738 479 1778 et
519 1731 757 1779 voluntati
796 1730 1064 1794 hujusmodi
1104 1731 1273 1778 Robur
1306 1731 1675 1778 confirmationis
1720 1733 1921 1780 adiicere
1961 1734 2021 1780 de
2059 1733 2353 1796 benignitate

430 1820 685 1883 apostolica
708 1823 1012 1885 dignaremur
1035 1849 1045 1860 ·
1073 1821 1178 1869 Nos
1202 1822 1348 1884 igitur
1371 1821 1602 1869 di&orum
1626 1821 1832 1870 Abbatis
1866 1830 1916 1870 et
1950 1823 2226 1871 Conventus
2247 1822 2353 1885 sup-

428 1913 764 1974 plicationibus
798 1913 1016 1960 inclinati
1051 1913 1295 1960 dationem
1332 1912 1740 1976 confirmationem
1780 1911 2121 1968 conceffionem
2161 1930 2353 1976 exemp-

430 2006 612 2051 tionem
648 2020 703 2052 ac
738 2005 1039 2052 voluntatem
1077 2002 1347 2065 hujusmodi
1383 2008 1508 2050 ratas
1547 2009 1597 2050 et
1630 2010 1787 2066 gratas
1821 2004 2051 2051 habentes
2086 2004 2190 2051 illas
2224 2003 2352 2065 apos-

429 2095 575 2142 tolica
613 2097 898 2142 au&oritate
938 2111 1000 2142 ex
1046 2101 1179 2142 certa
1216 2094 1416 2142 scientia
1460 2095 1792 2142 confirmamus
1833 2101 1884 2142 et
1927 2094 2155 2156 presentis
2192 2094 2351 2157 scripti

428 2187 691 2247 patrocinio
727 2187 1077 2233 communimus
1110 2183 1387 2247 supplentes
1421 2199 1587 2232 omnes
1621 2185 1831 2233 defthus
1865 2182 1983 2245 fiqui
2023 2183 2174 2232 forsan
2207 2186 2353 2232 inter-

430 2279 650 2324 venerint
686 2279 735 2323 in
773 2276 948 2324 eisdem
988 2276 1409 2324 constitutionibus
1449 2274 1714 2337 apostolicis
1753 2293 1808 2323 ac
1852 2274 2264 2337 prescriptionibus
2303 2283 2351 2323 et

428 2366 742 2415 observanciis
777 2369 1022 2415 contrariis
1055 2383 1152 2414 non
1187 2367 1484 2414 obstantibus
1518 2365 1892 2428 quibuscumque
1925 2367 2080 2413 Tenor
2113 2382 2223 2414 vero
2258 2368 2352 2413 dic-

429 2466 587 2505 tarum
611 2459 881 2506 litterarum
904 2459 1014 2506 talis
1039 2456 1108 2506 est
1127 2485 1134 2492 -
1158 2458 1238 2520 [ut
1255 2456 1406 2519 supra,
1435 2457 1568 2519 193.]
1597 2458 1736 2505 Nulli
1759 2473 1870 2521 ergo
1893 2459 2086 2504 omnino
2108 2458 2352 2504 hominum

409 2530 570 2597 'liceat
592 2551 715 2598 hanc
737 2548 964 2612 paginam
983 2547 1141 2598 nostre
1164 2549 1535 2597 confirmationis
1563 2549 1951 2596 communicionis
1974 2554 2024 2595 et
2046 2547 2351 2609 suppletionis

428 2642 686 2704 infringere
718 2641 794 2689 vel
826 2643 870 2688 ei
898 2640 1014 2688 ausu
1044 2642 1296 2689 temerario
1320 2642 1554 2688 contraire
1578 2639 1736 2701 Siquis
1759 2645 1921 2686 autem
1943 2639 2034 2686 hoc
2067 2644 2350 2699 attemptare

429 2730 762 2793 presumpserit
786 2731 1176 2793 Indignationem
1193 2731 1536 2793 omnipotentis
1560 2731 1637 2777 dei
1660 2736 1711 2777 et
1733 2730 1980 2777 beatorum
2004 2730 2126 2790 petri
2150 2734 2199 2776 et
2222 2728 2350 2789 pauli

429 2821 747 2884 apostolorum
775 2824 876 2870 eius
899 2821 948 2870 se
974 2822 1162 2869 noverit
1192 2820 1490 2868 incursurum
1524 2820 1707 2870 Datum
1739 2819 1950 2867 Aviniofi
1979 2820 2013 2881 ij
2036 2820 2097 2866 id.
2132 2817 2349 2879 Septem-

430 2915 526 2960 bris
551 2914 855 2974 pontificatus
878 2911 1024 2960 nostri
1049 2913 1195 2961 Anno
1218 2914 1372 2974 primo
1394 2937 1405 2949 ·

431 3096 576 3143 Bulla
598 3097 658 3142 de
681 3101 936 3156 patronatu
972 3093 1183 3142 Ecclefie
1211 3094 1372 3141 Sanffl
1397 3093 1555 3155 Egidii
1578 3117 1589 3128 ·

286 3288 390 3332 195.
436 3265 741 3328 Benedffims
788 3276 1048 3341 Episcopus
1089 3278 1266 3325 Servus
1306 3275 1545 3323 servorum
1593 3274 1668 3320 dei
1714 3272 1793 3319 Ad
1833 3277 2111 3334 perpetuam
2145 3272 2213 3317 rei
2252 3285 2349 3316 me-
