3002 4030
514 2056 619 2097 185.

652 485 741 527 142
1322 480 1527 528 LIBER
1563 479 1889 527 ECCLESIE
2329 493 2429 527 sac.
2455 493 2562 526 xxv.

647 610 732 658 bas
754 617 805 658 et
827 616 1090 658 conventus
1113 609 1362 658 Abbachie
1384 611 1444 657 de
1467 609 1624 657 Scona
1645 609 1841 656 fuerunt
1864 610 1913 655 in
1937 606 2209 670 poss'effione
2244 609 2437 670 pacifica
2459 623 2563 669 per-

649 702 853 763 cipiendi
887 700 1114 748 secundas
1147 701 1354 748 decimas
1377 700 1437 746 de
1470 700 1617 746 firmis
1651 705 1882 746 terrarum
1908 699 1967 746 de
1990 698 2116 746 Bate
2140 705 2191 746 et
2213 700 2274 747 de
2295 700 2564 762 kynfaunys

648 791 771 838 infra
811 791 1014 838 Balliam
1051 789 1252 837 vestram
1292 791 1438 838 etiam
1479 806 1536 838 eo
1573 796 1788 851 tempore
1826 805 1919 850 quo
1957 790 2083 836 didiae
2119 795 2246 837 terre
2285 791 2345 837 ad
2381 789 2565 836 firmam

647 881 895 929 bladomm
928 878 1048 928 ficut
1082 895 1139 927 eo
1172 895 1267 941 quo
1299 882 1360 927 ad
1394 881 1693 928 denariorum
1726 880 1909 927 firmam
1950 879 2140 927 fuerant
2174 876 2378 926 affedate
2411 879 2566 926 Vobis

649 972 927 1019 mandamus
950 976 1000 1018 et
1032 970 1319 1032 precipimus
1353 976 1588 1030 quatenus
1612 968 1742 1031 juste
1779 975 1830 1016 et
1853 969 2052 1016 indilate
2087 969 2386 1031 compellatis
2420 970 2566 1016 di&as

653 1069 798 1109 terras
829 1066 879 1107 et
913 1060 1063 1108 libere
1100 1066 1323 1107 tenentes
1358 1060 1616 1107 earundem
1657 1060 1716 1107 ad
1755 1058 2130 1106 fiztiffaciendum
2165 1060 2301 1106 dietis
2340 1057 2568 1121 religiofis

651 1152 711 1199 de
746 1152 882 1198 dictis
915 1150 1130 1198 secundis
1171 1150 1367 1198 decimis
1402 1151 1462 1197 de
1497 1155 1602 1197 toto
1638 1156 1852 1211 tempore
1892 1148 2125 1198 transacto
2159 1165 2254 1211 quo
2293 1149 2475 1197 scilicet
2508 1149 2568 1198 ab

650 1240 854 1303 ipsarum
877 1240 1110 1288 solutione
1132 1238 1358 1288 ceffatum
1382 1241 1539 1288 fuerat
1563 1246 1624 1287 et.
1640 1237 1856 1287 fimiliter
1879 1240 1939 1287 de
1961 1241 2178 1287 terminis
2202 1245 2253 1287 et
2277 1241 2569 1301 temporibus

644 1332 747 1392 jam
769 1332 942 1378 futuris
992 1330 1071 1378 Ita
1094 1331 1220 1392 quod
1253 1346 1339 1393 pro
1374 1328 1525 1378 vestro
1560 1330 1750 1378 defectu
1775 1346 1871 1377 non
1894 1337 2114 1392 oporteat
2148 1332 2298 1378 dictos
2331 1329 2570 1393 religiosos

653 1419 791 1484 super
805 1422 896 1469 hoc
913 1421 1114 1468 ulterius
1131 1422 1191 1468 ad
1208 1437 1294 1468 nos
1310 1436 1548 1469 recurrere
1567 1422 1899 1481 conquerendo
1939 1420 1999 1467 In
2015 1422 2150 1483 cujus
2164 1422 2233 1468 rei
2248 1419 2572 1468 testimonium

654 1513 738 1559 has
782 1510 963 1559 nostras
1008 1511 1192 1559 litteras
1237 1512 1370 1559 vobis
1414 1512 1651 1558 mittimus
1685 1516 1907 1572 patentes
1962 1511 2093 1559 Data
2131 1511 2256 1574 apud
2291 1510 2572 1573 Edinburgh

656 1602 754 1663 viij⁰
777 1602 853 1649 die
876 1601 1048 1650 meniis
1071 1601 1192 1663 Maij
1250 1602 1398 1650 Anno
1421 1601 1578 1664 Regni
1602 1599 1745 1648 nostri
1768 1601 1987 1648 secundo.

656 1766 799 1813 Bulla
822 1765 1039 1828 Gregorii
1063 1782 1183 1828 pape
1207 1767 1267 1813 de
1289 1766 1641 1828 permutatione
1664 1763 1860 1814 ecclefie
1884 1767 1943 1814 de
1967 1765 2211 1813 Kerinton
2234 1781 2345 1814 cum
2379 1763 2575 1814 ecclesia

658 1857 717 1903 de
742 1856 896 1903 Blare.

663 2036 941 2114 Gregorius
975 2050 1233 2112 Episcopus
1266 2049 1425 2098 servus
1458 2048 1698 2098 servorum
1723 2051 1799 2098 dei
1823 2053 1883 2099 ad
1908 2059 2187 2114 perpetuam
2209 2053 2278 2100 rei
2300 2054 2577 2100 memoriam

660 2145 750 2190 hiis
767 2158 858 2204 que
881 2143 932 2189 in
949 2142 1157 2188 favorem
1179 2148 1230 2188 et
1252 2141 1514 2188 utilitatem
1530 2139 1616 2188 sub
1633 2141 1760 2189 sacre
1777 2143 2018 2205 religionis
2036 2145 2229 2190 domino
2243 2143 2577 2190 famulantium

661 2237 738 2296 pie
770 2249 826 2281 ac
853 2233 1173 2280 favorabiliter
1194 2232 1316 2280 facta
1349 2232 1458 2279 sunt
1475 2244 1492 2279 l
1513 2238 1570 2278 ut
1603 2232 1787 2280 illibata
1820 2231 2076 2280 consistant
2109 2233 2316 2280 libenter
2347 2234 2578 2280 adicimus

661 2322 901 2386 apostolici
917 2323 1194 2369 muniminis
1211 2322 1487 2370 firmitatem
1503 2321 1615 2369 sane
1631 2323 1802 2384 petitio
1821 2339 1905 2384 pro
1922 2329 2058 2385 parte
2076 2323 2356 2371 dile&orum
2374 2323 2578 2370 filiorum

663 2414 847 2462 abbatis
869 2419 921 2460 et
943 2418 1205 2460 conventus
1227 2410 1498 2460 monasterii
1519 2413 1580 2460 de
1598 2413 1755 2461 Scona
1777 2414 1954 2460 ordinis
1970 2411 2116 2461 sanai
2133 2409 2392 2476 Augustini
2418 2413 2579 2460 Sanffl

664 2505 859 2553 Andree
893 2502 1087 2550 diocefis
1120 2503 1257 2550 nobis
1289 2518 1443 2564 nuper
1475 2503 1691 2551 exhibita
1724 2504 2003 2551 continebat
2035 2505 2162 2564 quod
2196 2504 2311 2550 olim
2338 2519 2424 2565 pro
2446 2511 2581 2565 parte

663 2593 868 2657 ipsorum
902 2594 1087 2641 abbatis
1120 2599 1171 2640 et
1193 2599 1456 2641 conventus
1489 2593 1748 2642 venerabili
1782 2595 1915 2642 fratri
1949 2592 2108 2641 nostro
2132 2593 2365 2655 Episcopo
2399 2593 2579 2641 Sanffl-

665 2685 838 2732 andree
852 2682 1065 2745 expofito
1081 2683 1206 2743 quod
1225 2680 1421 2731 ecclefia
1430 2684 1708 2745 parochialis
1724 2685 1784 2732 de
1797 2684 2073 2732 Kerintoun
2090 2684 2215 2731 diae
2230 2681 2425 2731 diocefis
2439 2699 2581 2745 quam

665 2775 836 2836 prefati
869 2758 1015 2821 abbas
1048 2779 1100 2820 et
1130 2779 1394 2820 conventus
1416 2790 1446 2820 a
1466 2773 1633 2821 multis
1666 2780 1795 2822 retro
1825 2774 2120 2836 temporibus
2150 2775 2200 2821 in
2230 2775 2440 2835 proprios
2475 2772 2583 2820 usus

667 2866 891 2912 canonice
909 2869 1164 2911 tenuerant
1181 2879 1209 2911 a
1224 2864 1409 2926 prefato
1426 2862 1711 2911 monasterio
1732 2864 1940 2911 multum
1959 2862 2163 2912 distabat
2177 2877 2193 2911 s
2209 2870 2260 2911 et
2277 2865 2401 2924 quod
2421 2880 2584 2925 quam·

669 2957 737 3002 vis
762 2957 809 3002 in
839 2955 1101 3001 redditibus
1123 2952 1233 3002 satis
1255 2955 1554 3002 habundaret
1576 2955 1677 3015 ejus
1700 2961 1863 3002 tamen
1885 2955 2070 3003 utilitas
2092 2960 2286 3016 propter
2317 2953 2582 3016 hujusmodi

669 3043 935 3092 distantiam
954 3051 1005 3092 et
1027 3046 1211 3092 viarum
1234 3042 1499 3093 discrimina
1519 3046 1570 3092 in
1593 3046 1851 3092 eorundem
1875 3045 2083 3093 Abbatis
2105 3051 2156 3092 et
2174 3051 2437 3092 conventus
2459 3060 2586 3092 com-

670 3136 862 3182 modum
886 3136 945 3182 de
967 3134 1094 3182 facili
1128 3136 1340 3183 converti
1376 3151 1470 3181 non
1506 3142 1693 3196 poterat
1754 3135 1815 3181 Et
1838 3135 1963 3196 quod
1997 3134 2276 3197 parochialis
2309 3131 2505 3182 eeclesia
2526 3135 2586 3181 de

670 3225 800 3273 blare
823 3226 1006 3286 prefate
1030 3224 1224 3273 diocefis
1243 3239 1260 3273 l
1282 3227 1417 3287 cujus
1450 3226 1643 3273 collatio
1665 3222 1865 3287 provifio
1896 3231 1946 3272 et
1973 3226 2246 3272 omnimoda
2267 3222 2504 3286 dispositio
2527 3225 2585 3271 ad
