2982 4016
638 541 699 583 59
1316 526 1521 575 LIBER
1555 520 1883 571 ECCLESIE
2317 535 2418 568 sec.
2445 534 2562 567 xln.

637 666 666 713 J
673 666 881 713 ohannes
906 665 1061 710 locum
1084 662 1318 724 prefatum
1351 658 1482 704 licite
1505 654 1711 702 vendere
1732 659 1962 713 tanquam
1984 666 2087 698 rem
2110 654 2347 714 propriam
2385 653 2435 699 in
2471 667 2565 713 qua

638 756 798 804 nullus
820 755 940 803 alius
962 752 1083 801 canii
1105 752 1271 799 habuit
1295 748 1369 796 vel
1404 748 1578 794 habere
1601 745 1761 806 potuit
1800 744 1859 790 de
1892 744 1995 789 iure
2063 742 2128 790 Et
2151 751 2207 790 ut
2230 745 2319 791 hec
2344 744 2560 791 venditio

640 855 743 895 rata
759 845 818 893 fit
836 853 886 893 et
909 841 1173 892 inconcufla
1190 850 1239 887 et
1263 842 1311 887 in
1337 845 1621 901 perpetuum
1641 836 1870 882 duratura
1890 834 1995 880 Nos
2019 850 2077 881 eo
2101 840 2318 896 tempore
2340 832 2565 896 prepofiti

641 939 701 985 de
719 938 865 984 Perth
889 935 1065 982 scilicet
1090 933 1269 994 Symon
1292 933 1352 978 de
1370 930 1571 977 Carnem
1594 932 1645 973 et
1661 925 1942 973 Willelmus
1965 925 2091 972 filius
2108 924 2261 973 Joelis
2285 932 2337 973 et
2354 925 2383 972 J
2389 926 2566 973 acobus

639 1030 764 1076 filius
787 1026 1031 1074 huchtredi
1050 1032 1099 1071 et
1117 1025 1264 1071 ceteri
1286 1018 1541 1083 burgenses
1565 1020 1626 1065 de
1649 1017 1817 1064 eadem
1836 1016 1950 1064 villa
1972 1015 2153 1064 scilicet
2172 1016 2416 1064 Henricus
2438 1015 2565 1063 filius

639 1119 838 1167 Galfridi
904 1116 1038 1163 Serlo
1070 1115 1274 1162 talbator
1307 1119 1358 1160 et
1383 1111 1661 1158 Willelmus
1697 1107 1824 1155 filius
1865 1109 1967 1170 ejus
1991 1107 2234 1156 Henricus
2271 1107 2442 1156 baldus
2466 1108 2567 1155 Ro-

639 1212 798 1256 bertus
828 1207 951 1253 filius
982 1206 1183 1253 fulconis
1208 1204 1485 1251 Willelmus
1520 1202 1647 1248 filius
1682 1201 1935 1247 huchtredi
1960 1199 2195 1247 Ricardus
2217 1200 2344 1247 filius
2367 1199 2565 1247 Andree

638 1300 809 1347 Petrus
843 1298 967 1345 filius
992 1297 1147 1345 David
1172 1297 1344 1344 Clerici
1370 1295 1609 1342 Robertus
1644 1292 1778 1339 faber
1799 1291 2092 1338 Benedi&us
2127 1298 2178 1339 et
2203 1291 2446 1339 Henricus
2479 1291 2565 1353 filij

638 1391 843 1438 WValteri
875 1390 935 1436 de
970 1389 1143 1436 Sancto
1168 1388 1422 1435 Edmundo
1445 1386 1691 1433 Johannes
1724 1383 1852 1430 filius
1887 1382 2045 1431 David
2069 1382 2316 1431 Galfridus
2340 1383 2567 1431 Redberd

636 1482 823 1529 Alanus
846 1487 896 1528 et
920 1478 1146 1527 Osbertus
1169 1480 1337 1526 fratres
1360 1479 1461 1525 eius
1486 1476 1765 1523 Willelmus
1790 1474 2050 1538 Loueprud
2074 1482 2125 1523 et
2149 1474 2287 1523 Serlo
2310 1475 2436 1523 filius
2460 1476 2564 1523 eius

639 1574 875 1620 Robertus
910 1574 968 1619 dc
1003 1571 1259 1619 Standford
1284 1569 1562 1616 Willelmus
1587 1567 1861 1615 Whetberd
1895 1566 2056 1615 David
2090 1582 2211 1630 yeap
2234 1568 2376 1615 huius
2400 1568 2565 1615 vendi-

637 1666 779 1711 tionis
803 1662 946 1710 testes
968 1662 1127 1710 sumus
1194 1662 1260 1709 Et
1294 1662 1354 1709 ad
1387 1661 1616 1722 majorem
1638 1659 1780 1706 huius
1803 1659 2095 1707 venditionis
2128 1660 2563 1708 corroborationem

627 1754 837 1817 {igillum
862 1752 1071 1801 nostrum
1094 1768 1348 1801 commune
1370 1753 1481 1800 huic
1504 1750 1678 1814 scripto
1701 1749 2017 1813 apposuimus.

635 1936 922 1999 Compositio
941 1938 1000 1984 de
1023 1937 1220 1984 minutis
1245 1937 1440 1984 decimis
1465 1937 1523 1983 de
1547 1935 1801 1998 Benchory
1825 1943 1876 1982 et
1900 1936 1960 1982 de
1985 1934 2266 1997 Kynclatin.

542 2127 602 2171 83
638 2101 806 2169 Anno
822 2121 973 2182 gratie
992 2117 1238 2166 millefimo
1262 2128 1336 2166 cc0
1359 2116 1582 2166 vicesimo
1606 2120 1775 2180 quinto
1799 2120 1877 2166 die
1911 2117 2235 2167 transsationis
2258 2119 2407 2167 sanffl
2430 2119 2565 2168 Mar-

638 2213 726 2258 tini
751 2213 799 2258 in
823 2209 1018 2258 ecclefia
1041 2212 1099 2257 de
1123 2210 1292 2273 Kergil
1315 2211 1439 2257 fa&a
1461 2207 1532 2257 est
1555 2210 1645 2257 hec
1669 2210 1933 2258 amicabilis
1956 2209 2237 2273 compofitio
2260 2213 2388 2259 inter
2415 2212 2566 2260 domi-

636 2318 751 2349 num
775 2302 836 2348 A.
861 2302 1080 2349 abbatem
1105 2309 1154 2348 et
1177 2308 1466 2349 conventum
1491 2302 1550 2348 de
1573 2301 1734 2363 Cupro
1758 2318 1820 2350 ex
1843 2318 1941 2350 una
1970 2313 2108 2365 parte
2130 2310 2181 2350 et
2206 2304 2454 2351 dominum
2479 2304 2563 2351 W.

637 2394 857 2440 abbatem
881 2400 931 2439 et
962 2400 1248 2440 conventum
1273 2395 1332 2440 de
1357 2393 1514 2441 Scona
1537 2409 1599 2440 ex
1623 2393 1776 2441 altera
1808 2393 1990 2442 scilicet
2025 2395 2153 2456 quod
2188 2396 2334 2443 abbas
2368 2402 2419 2443 et
2453 2412 2566 2443 con-

636 2491 805 2531 ventus
827 2485 885 2531 de
908 2484 1063 2532 Scona
1086 2483 1406 2532 concesserunt
1439 2485 1602 2533 abbati
1636 2491 1687 2532 et
1721 2487 1981 2533 conventui
2015 2486 2077 2534 de
2111 2486 2273 2549 Cupro
2307 2493 2359 2535 et
2393 2503 2560 2535 eorum

635 2576 877 2636 capellano
901 2576 959 2622 de
983 2576 1261 2638 Bendachty
1283 2593 1366 2638 pro
1390 2583 1605 2639 tempore
1629 2577 1808 2624 ibidem
1842 2574 2132 2625 ministranti
2156 2593 2322 2626 omnes
2345 2580 2557 2627 minutas

636 2667 839 2713 decimas
862 2673 911 2713 et
934 2682 1098 2714 omnes
1122 2667 1430 2715 obventiones
1454 2668 1737 2716 villanorum
1756 2674 1807 2715 et
1824 2667 2135 2716 servientium
2160 2670 2220 2716 de
2244 2669 2485 2718 Benchori
2508 2678 2558 2718 et

634 2758 693 2803 de
717 2756 979 2819 Kynclatin
1002 2764 1052 2805 et
1075 2758 1134 2805 de
1157 2758 1362 2805 Crochin
1430 2759 1574 2806 Salvo
1600 2759 1711 2820 jure
1734 2759 1915 2806 domini
1950 2758 2156 2822 episcopi
2189 2759 2338 2809 san&i
2361 2760 2559 2810 Andree

632 2850 684 2894 in
719 2850 936 2896 omnibus
960 2856 1010 2896 et
1032 2865 1116 2911 per
1138 2851 1297 2896 omnia
1363 2850 1628 2898 Reddendo
1663 2852 1731 2898 eis
1765 2852 2016 2898 annuatim
2049 2866 2196 2899 unam
2229 2858 2418 2914 petram
2452 2869 2561 2901 cere

635 2941 683 2985 in
702 2941 1025 3001 recognitione
1039 2941 1161 3001 juris
1180 2939 1376 2988 ecclefie
1393 2941 1475 2989 sue
1494 2942 1554 2989 de
1572 2940 1731 2990 Scona
1750 2943 1827 2990 die
1845 2941 1994 2990 sancti
2018 2942 2276 2991 Michaelis
2320 2945 2562 3006 predictus

637 3045 745 3076 vero
768 3031 1038 3092 capellanus
1062 3033 1120 3079 de
1143 3032 1425 3095 Bendachty
1447 3035 1790 3095 prenominatis
1812 3033 2002 3082 villanis
2037 3041 2088 3082 et
2123 3051 2289 3083 eorum
2313 3035 2561 3084 servienti-

636 3121 723 3166 bus
756 3123 913 3168 omnia
935 3121 1245 3171 ecclefiastica
1276 3122 1571 3173 sacramenta
1602 3122 1890 3173 ministrabit
1957 3125 2126 3174 Abbas
2159 3134 2323 3175 autem
2360 3134 2412 3175 et
2445 3143 2558 3175 con-

638 3218 808 3258 ventus
831 3213 889 3258 de
912 3213 1067 3261 Scona
1089 3216 1322 3262 immunes
1346 3222 1488 3263 erunt
1511 3233 1539 3263 a
1560 3213 1851 3278 prestatione
1874 3217 2091 3264 omnium
2126 3218 2420 3266 decimarum
2455 3224 2555 3266 tam

639 3302 698 3347 de
721 3303 856 3349 terris
879 3306 1132 3353 nominatis
1154 3303 1188 3351 fi
1213 3322 1292 3353 eas
1315 3304 1399 3354 fibi
1423 3308 1831 3369 appropriaverint
1864 3314 1916 3356 et
1949 3310 2150 3371 propriis
2182 3308 2450 3371 sumptibus
2473 3326 2556 3357 ex-
