2982 4016
673 484 700 524 4
1345 479 1554 527 LIBER
1589 477 1920 527 ECCLESIE
2405 496 2503 531 sec.
2534 496 2629 530 ΧΗ.

673 608 871 658 ecclefie
905 611 965 658 de
999 609 1424 659 consuetudinibus
1463 609 1594 657 illius
1628 611 1766 657 nauis
1805 607 2123 672 respondeant
2211 610 2350 661 Teste
2391 614 2607 661 Roberto

676 699 893 765 episcopo
915 701 1067 751 ele&o
1091 701 1431 750 Sanctiandree
1455 706 1506 748 et
1529 699 1774 748 Herberto
1797 700 2082 749 cancellario
2150 701 2299 764 Apud
2325 703 2489 753 Perth.

678 884 824 931 Carta
842 883 1109 933 Alexandri
1133 884 1257 946 regis
1280 883 1340 929 de
1363 882 1495 930 curia
1517 881 1749 929 habenda.

620 1063 648 1104 4
681 1051 976 1115 Alexander
998 1065 1093 1112 Dei
1114 1044 1270 1127 gratia
1292 1063 1401 1111 Rex
1426 1062 1683 1110 Scotorum
1718 1061 1949 1125 episcopis
1973 1070 2024 1111 et
2047 1065 2303 1113 comitibus
2338 1082 2524 1116 necnon
2559 1079 2610 1118 et

679 1159 900 1206 omnibus
922 1156 1142 1204 fidelibus
1167 1155 1320 1202 tocius
1343 1159 1471 1201 terre
1493 1151 1575 1201 sue
1608 1152 1813 1201 salutem
1881 1153 2057 1202 Sciatis
2090 1171 2169 1203 me
2204 1155 2380 1205 dedifl'e
2413 1160 2610 1208 ecclefie

681 1250 854 1297 Sancte
876 1248 1124 1295 Trinitatis
1148 1247 1207 1293 de
1232 1245 1360 1293 Scon
1384 1251 1434 1292 et
1469 1245 1614 1306 priori
1637 1243 1958 1307 fratribusque
1980 1245 2159 1294 ibidem
2184 1247 2274 1295 deo
2292 1248 2610 1299 seruientibus

680 1342 812 1390 suam
845 1342 1082 1403 propriam
1106 1340 1286 1386 curiam
1311 1337 1494 1385 scilicet
1518 1338 1569 1383 in
1593 1336 1755 1384 duell'o
1779 1339 1829 1384 in
1853 1338 1979 1384 ferro
2002 1339 2053 1385 in
2077 1336 2191 1386 fofl'a
2214 1345 2264 1386 et
2302 1342 2352 1387 in
2388 1344 2608 1391 omnibus

682 1434 786 1483 aliis
820 1431 1124 1480 libertatibus
1153 1430 1213 1477 ad
1241 1430 1422 1477 curiam
1451 1428 1806 1490 pertinentibus
1842 1435 1932 1477 nec
1965 1428 2053 1477 ulli
2087 1429 2405 1493 respondeant
2440 1433 2526 1482 nifi
2561 1437 2610 1482 in

682 1526 764 1574 sua
787 1527 919 1574 curia
940 1524 1128 1586 propria
1194 1518 1411 1568 Testibus
1446 1519 1661 1567 Roberto
1697 1517 1915 1583 episcopo
1938 1520 2091 1588 ele&o
2119 1521 2461 1573 Sanctiandree
2495 1526 2611 1574 Cor-

682 1634 817 1666 maco
860 1615 1079 1678 episcopo
1122 1613 1355 1676 Gregorio
1403 1609 1620 1673 episcopo
1663 1612 1723 1658 de
1765 1611 1990 1661 Morauia
2035 1611 2278 1662 Herberto
2326 1617 2610 1666 cancellario

684 1711 810 1757 Beth
853 1709 1029 1756 comite
1070 1705 1216 1760 malis
1258 1704 1436 1752 comite
1478 1702 1738 1751 Eduuardo
1777 1701 2125 1753 constabulario
2161 1705 2413 1755 Willelmo
2463 1710 2611 1758 fratre

683 1802 843 1863 regine
868 1796 1164 1861 Gospatricio
1187 1796 1286 1843 filio
1310 1794 1566 1842 Waltheui
1633 1794 1781 1857 Apud
1805 1794 1946 1843 Scon.
