3002 4030
587 924 695 967 228.

742 526 835 571 202
1419 519 1625 568 LIBER
1659 519 1988 569 ECCLESIE
2437 537 2537 571 suc.
2555 538 2662 570 xvl.

744 745 841 794 [οἵα
862 744 1132 793 Balliuatus
1154 743 1364 791 Johanui
1383 742 1551 791 P-eblis
1573 749 1652 791 eto
1673 768 1686 780 ·

745 907 873 972 Dfis
912 923 1131 971 Andreas
1165 923 1427 984 quhithede
1465 922 1643 970 Reaor
1678 923 1739 969 de
1783 921 2029 986 Aldcathy
2065 923 2250 972 dileffis
2295 926 2414 973 meis
2452 926 2486 973 J
2488 928 2660 975 ohanni

742 1014 901 1062 Peblis
923 1012 1106 1076 burgeii
1129 1013 1193 1061 de'
1213 1010 1364 1060 Perth
1387 1012 1728 1060 Bartholomeo
1751 1014 1947 1075 cramby

864 1123 866 1125 ·
1166 1103 1355 1151 balliuis
1384 1104 1506 1151 meis
1526 1104 1701 1151 *in'hac
1730 1100 1868 1165 parte
1891 1100 2048 1152 Saltm
2071 1104 2198 1161 Quia
2220 1105 2330 1153 dedi
2353 1113 2403 1154 et
2425 1108 2475 1154 in
2498 1122 2665 1170 puram

741 1204 792 1243 et
830 1196 1122 1257 perpetuam·
1146 1191 1453 1242 elemosinam
1497 1192 1588 1241 co'n
1621 1220 1633 1232 ·
1669 1219 1682 1232 ·
1715 1220 1727 1231 ·
1759 1218 1771 1231 ·
1787 1189 1789 1193 ⁴
1805 1194 2155 1242 venerabilibus
2191 1202 2251 1243 'et
2295 1195 2522 1260 reiigiofis
2555 1200 2666 1246 viris

741 1287 980 1347 canonicis
1018 1284 1253 1333 couentus
1297 1283 1570 1332 monasterii
1616 1286 1677 1333 de
1715 1284 1857 1332 scona
1895 1290 1946 1332 et
1982 1289 2097 1332 eorfi
2142 1283 2475 1335 successoribus
2513 1294 2667 1336 totam

742 1393 770 1423 e
804 1400 1047 1416 ······
1080 1389 1214 1438 gram
1238 1378 1456 1436 quartam
1478 1375 1664 1438 partem
1692 1373 1947 1424 australem
1975 1379 2074 1423 eim
2098 1383 2149 1424 et
2171 1373 2412 1441 flag-ularii
2434 1385 2666 1427 terrarum

743 1468 804 1514 de
821 1465 1042 1514 Haltoufi
1066 1466 1126 1513 de
1151 1465 1410 1528 Lonkardy
1427 1480 1537 1513 cum
1559 1465 1782 1528 pertineii
1796 1467 1939 1528 jaceii
1961 1467 2013 1514 in
2034 1467 2230 1515 baronia
2246 1467 2456 1517 eiusdem
2474 1476 2526 1517 et
2547 1471 2670 1519 infra

743 1557 1131 1605 vicecomitatum
1147 1557 1214 1603 *de
1238 1554 1389 1604 Perth
1413 1556 1617 1619 Ptopter
1651 1562 1804 1605 certas
1837 1555 1999 1605 causas
2034 1559 2198 1605 animi-1
2233 1567 2670 1609 meum-mouentes

743 1654 795 1696 et
815 1663 901 1710 pro
924 1646 1141 1709 suffragio
1164 1662 1250 1709 per
1271 1646 1377 1708 ipos
1408 1649 1662 1695 canonicos
1683 1649 1932 1695 annuatim
1957 1643 2280 1711 flendo'prout
2314 1651 2364 1697 in
2395 1651 2542 1699 Carta
2562 1667 2671 1700 mea

744 1736 943 1800 desuper
964 1737 1181 1785 conse&
1203 1736 1718 1800 luculencius-apparet
1742 1738 1896 1787 Vobis
1910 1740 2067 1802 ‘igitur
2083 1736 2290 1788 'balliuis‘
2312 1742 2438 1788 meis'
2455 1743 2670 1790 antedcis

744 1829 806 1877 et-
832 1825 992 1876 vestrfi
1036 1828 1238 1876 ‘cuilibet
1277 1828 1535 1877 coiunfflm
1579 1835 1631 1876 et
1674 1825 1861 1876 diuifim
1905 1829 2114 1892 precipio
2159 1836 2211 1878 et
2230 1838 2234 1842 ’
2253 1830 2456 1879 firmiter
2496 1831 2671 1880 m‘ando

745 1920 982 1982 quatenus
999 1916 1112 1966 vifis
1131 1917 1430 1981 presentibus
1452 1917 1553 1967 fine
1573 1918 1758 1968 morofii
1778 1904 2014 1968 dilacione
2044 1921 2283 1969 accedatis
2307 1946 2319 1959 ·
2342 1921 2441 1970 Seu
2457 1921 2670 1970 ‘vestrum

746 2011 951 2072 quilibet
972 2007 1226 2071 requifitus
1247 2011 1451 2061 ‘accedat
1472 2011 1532 2058 ad
1555 2011 1733 2058 dictam
1755 2008 1975 2072 quartam
1996 2017 2184 2073 partem
2211 2010 2466 2061 australem
2488 2002 2672 2062 terrani

747 2104 808 2150 de
830 2098 1052 2151 Haltoufi
1075 2103 1136 2149 de
1160 2098 1419 2164 Lonkardy
1439 2117 1551 2150 cum
1582 2102 1890 2164 pertinenciis
1924 2099 1991 2149 Et
2013 2100 2202 2150 Ibidem
2225 2103 2264 2149 d*
2290 2129 2302 2141 ·
2325 2113 2351 2141 ··
2378 2107 2399 2141 '·
2434 2106 2673 2153 canonicis

749 2190 832 2241 seu
847 2227 850 2230 >
863 2186 1006 2255 priori
1038 2194 1151 2241 dieti
1181 2186 1453 2240 monasterii
1470 2198 1566 2240 ⁴aut
1599 2193 1740 2241 alicui
1767 2192 1906 2240 alteri
1928 2193 2166 2241 canonico
2188 2191 2324 2241 eiuffi
2352 2194 2406 2241 in
2435 2198 2548 2243 noie
2575 2198 2673 2243 oim

750 2284 900 2331 aliorfi
930 2285 1273 2335 canonicorud
1304 2311 1320 2321 -
1356 2308 1367 2320 ·
1403 2310 1414 2321 ·
1448 2309 1460 2321 ·
1495 2291 1508 2321 ‘-
1544 2310 1555 2321 ·
1590 2308 1603 2321 ·
1635 2308 1647 2320 ·
1682 2309 1693 2320 ·
1772 2283 1850 2330 vel
1883 2280 1985 2330 suia
2009 2285 2153 2331 certis
2183 2285 2546 2333 a&ornatis'·aut
2567 2301 2674 2348 pro·

751 2375 1046 2423 curatoribus
1067 2374 1283 2437 pluribus
1306 2380 1391 2424 aut
1413 2376 1494 2421 vni
1516 2375 1662 2436 pnciii
1684 2364 1917 2422 latoribus
1938 2369 2020 2421 stau
2046 2375 2187 2422 latori
2221 2374 2398 2423 statum
2431 2400 2674 2414 ······

753 2493 765 2505 ·
801 2491 813 2504 ·
847 2491 859 2503 ·
894 2459 913 2504 ·¹
942 2490 953 2503 ·
988 2462 1184 2513 seffione
1206 2457 1440 2528 perpetui
1461 2463 1671 2513 eiusdem
1702 2471 1871 2526 quarte
1891 2466 2041 2567 partis
2070 2469 2255 2514 terrarii
2277 2466 2542 2528 predictam
2565 2482 2674 2514 cum

748 2550 992 2619 ’ρῒὶιιὲοἱίὲ
1010 2561 1068 2603 vt
1099 2557 1245 2605 moris
1279 2551 1362 2604 est
1393 2581 1837 2594 ··········
1863 2561 1910 2593 ³
2009 2567 2024 2594 ‘-
2058 2583 2069 2594 -
2202 2581 2214 2594 ·
2236 2562 2301 2604 >et
2342 2555 2481 2605 Juste
2512 2558 2674 2606 haberi

755 2649 946 2699 faciat(
954 2640 1006 2695 et
1038 2647 1130 2694 hoc
1147 2641 1298 2694 'nullo
1330 2647 1475 2694 modo
1504 2647 1741 2694 omittatis
1765 2645 1836 2694 Et
1865 2640 2038 2694 vestrfl
2056 2646 2258 2708 quilibet
2271 2646 2531 2708 requisitus
2570 2676 2580 2686 ·
2617 2675 2628 2685 ·

757 2762 1185 2777 ··········
1221 2743 1272 2785 et
1295 2737 1328 2784 J
1329 2735 1433 2784 uste
1455 2738 1619 2785 haberi
1641 2738 1785 2785 faciat
1802 2737 1965 2785 etho‘c
1986 2736 2121 2784 nullo
2138 2738 2502 2785 'modoomittat
2523 2738 2678 2788 Juxta

757 2837 808 2878 et
843 2828 1103 2877 secundum
1131 2829 1229 2875 vim
1263 2828 1465 2884 formam
1499 2833 1550 2874 et
1583 2828 1852 2875 continenti
1886 2852 2218 2865 ········
2251 2842 2358 2875 mee
2391 2843 2534 2889 quam
2566 2831 2678 2878 inde

757 2922 937 2969 habent
980 2919 1064 2968 Ad
1108 2919 1236 2981 quod
1280 2919 1551 2966 faciendum
1585 2918 1719 2966 vobis
1752 2918 1942 2966 balliuis
1975 2920 2095 2966 meis
2133 2919 2385 2966 antediffls
2429 2926 2480 2967 et
2518 2918 2677 2968 vestri-1

759 3011 956 3059 cuilibet
973 3011 1143 3058 coiuno
1163 3034 1174 3046 ·
1191 3036 1203 3047 ·
1223 3036 1233 3047 ·
1255 3015 1305 3057 et
1323 3007 1510 3057 diuifim
1526 3024 1685 3056 meam
1707 3007 1857 3055 liberii
1878 3007 2091 3070 plenaria
2106 3015 2158 3056 et
2180 3009 2373 3056 oimodii
2393 3008 2678 3071 potestatem

762 3117 817 3149 ac
838 3101 1069 3148 mandatu
1091 3098 1248 3161 speale
1272 3100 1333 3146 do
1358 3105 1410 3147 et
1432 3100 1636 3147 co'mitto
1664 3114 1752 3161 per
1771 3097 1862 3160 piit
1885 3125 1895 3136 ·
1919 3123 1931 3135 ·
1953 3124 1965 3135 ·
1988 3113 2051 3146 ne
2067 3099 2377 3147 reuocacione
2394 3099 2642 3148 duraturas
2666 3128 2677 3138 ·

762 3191 830 3239 Et
858 3206 941 3238 vos
971 3193 1053 3252 qui
1087 3191 1377 3238 execucione
1410 3188 1555 3252 pficiii
1588 3189 1785 3240 fecerit(
1817 3189 1867 3236 in
1899 3187 2035 3236 hmssi
2069 3190 2370 3237 execucionis
2403 3188 2678 3238 testimonifi

765 3282 939 3345 Sigillii
971 3279 1129 3328 vestri]
1164 3281 1213 3327 in
1246 3278 1454 3328 secunda
1485 3280 1638 3328 cauda
1667 3277 1773 3343 post.
1801 3283 1914 3327 mesi
1936 3277 2094 3343 figillfi
2122 3280 2284 3328 debite
2319 3279 2586 3342 appendat?
2619 3281 2677 3328 In
