2982 4016
560 1200 620 1245 39

571 2381 627 2423 40

650 524 709 567 ⁶26
1325 515 1532 564 LIBER
1567 511 1894 562 ECCLESIE
2359 525 2459 559 sse.
2485 525 2577 559 xn.

648 666 810 698 meum
834 651 968 698 faffls
1036 648 1101 696 Et
1137 648 1384 696 dimidium
1419 645 1516 707 sepi
1551 651 1602 692 et
1626 644 1755 691 unffi
1790 642 2050 690 earundem
2084 640 2372 691 occifionum
2398 643 2578 691 scilicet

650 757 710 788 ex
734 740 955 802 aquilone
974 739 1179 786 fluminis
1203 738 1262 784 de
1275 734 1360 783 Tei
1381 735 1617 783 Prohibeo
1635 736 1798 795 itaque
1821 749 1884 780 ne
1907 732 2078 794 aliquis
2101 734 2170 781 eis
2187 735 2443 796 quicquam
2467 734 2578 781 inde

650 829 822 878 iniuste
846 831 1060 878 detineat
1082 827 1221 890 super
1244 823 1567 874 defensionem
1590 839 1749 873 meam
1816 820 2036 871 Testibus
2057 831 2149 872 “tc-2

652 1002 796 1058 Carta
821 1009 1055 1057 willelmi
1082 1008 1228 1071 Regis
1252 1008 1312 1054 de
1336 1007 1521 1054 decima
1543 1005 1637 1054 sua.

656 1177 739 1238 W
744 1191 947 1238 illelmus
967 1189 1059 1236 Dei
1078 1189 1247 1237 Gratia
1269 1188 1379 1235 Rex
1411 1186 1690 1235 Scottorum
1713 1184 1745 1232 J
1749 1182 1923 1232 ustitiis
1946 1185 2308 1233 vicecomitibus
2335 1184 2583 1247 prepositis

654 1279 959 1346 burgensibus
994 1287 1044 1328 et
1080 1280 1300 1327 omnibus
1340 1276 1566 1326 ministris
1606 1278 1757 1325 totius
1793 1282 1920 1324 terre
1960 1275 2042 1324 sue
2075 1274 2276 1325 salutem
2316 1277 2492 1325 mando
2532 1285 2583 1325 et

652 1376 851 1421 firmiter
881 1373 1087 1434 precipio
1111 1378 1167 1418 ut
1190 1372 1459 1432 quicunque
1493 1368 1674 1430 aliquid
1708 1368 1768 1415 de
1802 1368 1990 1416 decima
2013 1368 2089 1416 vel
2113 1368 2174 1415 de
2197 1365 2455 1416 elemofina
2476 1384 2584 1416 mea

653 1466 759 1511 Deo
788 1471 839 1511 et
872 1464 1031 1511 abbati
1067 1464 1127 1510 de
1161 1462 1288 1509 Scon
1324 1460 1573 1510 annuatim
1610 1458 1791 1507 solvere
1838 1460 2059 1508 debuerit
2098 1459 2219 1507 illud
2254 1460 2314 1508 ad
2355 1462 2584 1508 terminos

654 1557 797 1603 michi
838 1554 1039 1603 statutos
1074 1553 1285 1615 plenarie
1319 1553 1386 1599 eis
1420 1549 1658 1613 persolvat
1725 1550 1792 1598 Et
1825 1551 2055 1613 prohibeo
2090 1566 2152 1598 ne
2188 1552 2294 1613 quis
2330 1553 2583 1613 quicquam

656 1645 850 1694 ecclefie
875 1647 934 1694 de
958 1645 1084 1692 Scon
1109 1643 1203 1691 five
1227 1644 1467 1691 canoniciS
1491 1643 1551 1690 de
1573 1642 1786 1704 predifilza
1819 1642 2007 1690 decima
2041 1640 2138 1690 five
2166 1639 2425 1690 elemofina
2447 1641 2585 1704 supra

655 1739 888 1798 predictos
912 1737 1140 1784 terminos
1158 1735 1373 1782 detineat
1391 1732 1531 1796 super
1548 1749 1706 1781 meam
1729 1733 1994 1797 plenariam
2013 1732 2363 1782 foriffa&uram
2410 1734 2462 1782 Si
2477 1736 2583 1795 quis

656 1844 765 1875 vero
789 1827 927 1889 super
959 1827 1049 1873 hoc
1071 1827 1139 1873 eis
1173 1825 1353 1887 aliquid
1387 1825 1604 1872 detinere
1638 1822 1975 1887 presumpserit
2008 1825 2218 1888 precipio
2241 1830 2298 1872 ut
2322 1826 2585 1873 vicecomes

656 1918 750 1966 five
787 1919 990 1966 ballivus
1035 1932 1170 1964 meus
1215 1918 1264 1963 in
1306 1918 1440 1964 cuius
1480 1914 1718 1978 potestate
1755 1915 1945 1963 debitor
1982 1916 2130 1964 fuerit
2175 1931 2287 1964 eum
2335 1914 2585 1979 distringat

657 2012 807 2057 donec
831 2012 898 2056 eis
922 2010 1137 2072 debitum
1162 2006 1297 2054 suum
1322 2006 1534 2068 plenarie
1558 2005 1836 2069 persolverit
1902 2004 2122 2055 Testibus
2143 2015 2237 2055 ”tc-x

659 2194 803 2240 Carta
827 2191 1015 2239 Ricardi
1040 2189 1241 2253 episcopi
1268 2189 1429 2237 Sanffl
1454 2188 1651 2237 Andree
1675 2189 1735 2236 de
1760 2186 1959 2238 ecclefia
1982 2190 2042 2237 de
2067 2188 2236 2253 Logyn
2261 2190 2470 2238 dundho.

662 2360 912 2422 Ricardus
947 2372 1040 2419 Dei
1075 2372 1243 2420 Gratia
1277 2369 1474 2420 ecclefie
1502 2371 1844 2420 Sanfflandree
1878 2371 2074 2419 humilis
2103 2369 2318 2420 minister
2342 2371 2586 2422 Univerfis

660 2466 818 2513 fauste
841 2465 1005 2511 matris
1029 2462 1223 2511 ecclesie
1246 2463 1356 2510 filiis
1379 2462 1561 2511 clericis
1585 2469 1636 2510 et
1658 2462 1793 2511 laicis
1815 2461 2019 2510 salutem
2086 2462 2255 2511 Sciant
2278 2470 2378 2511 tam
2397 2463 2585 2527 'posteri

662 2572 803 2618 quam
828 2553 1069 2617 presentes
1093 2569 1178 2601 nos
1201 2552 1375 2602 dedifl'e
1398 2562 1449 2602 et
1472 2552 1739 2603 conceffiffe
1762 2561 1814 2603 et
1837 2555 1927 2603 hac
1951 2561 2083 2603 carta
2115 2552 2274 2602 nostra
2295 2554 2586 2604 confirmasse

662 2644 922 2694 Ecclesiam
946 2651 996 2692 et
1018 2651 1193 2692 terram
1217 2645 1276 2692 de
1300 2645 1441 2708 logyn
1466 2645 1661 2694 dundho
1679 2652 1730 2693 et
1753 2660 1896 2693 omne
1918 2647 1993 2693 ius
2017 2645 2143 2707 quod
2166 2646 2217 2692 in
2241 2646 2309 2693 eis
2331 2646 2586 2696 habuimus

663 2739 878 2798 quietum
901 2733 1117 2784 clamass'e
1141 2732 1338 2783 ecclefie
1361 2737 1421 2783 de
1446 2736 1603 2784 Scone
1621 2742 1672 2784 et
1689 2737 1931 2785 canonicis
1953 2735 2133 2784 ibidem
2147 2735 2254 2784 Deo
2272 2735 2588 2785 servientibus

662 2836 710 2876 et
731 2827 968 2874 servituris
991 2827 1040 2873 in
1058 2826 1256 2873 liberam
1278 2842 1446 2888 puram
1470 2833 1521 2874 et
1538 2833 1820 2890 perpetuam
1839 2824 2145 2875 elemosinam
2192 2827 2355 2884 Quare
2370 2828 2589 2876 volumus

663 2926 711 2966 et
736 2919 1017 2965 auctoritate
1039 2915 1290 2978 episcopali
1327 2918 1612 2979 precipimus
1643 2924 1699 2965 ut
1734 2918 1932 2980 prediffi
1963 2919 2179 2966 canonici
2209 2921 2590 2981 prenominatam

665 3008 907 3057 ecclesiam
932 3023 1040 3054 cum
1063 3009 1282 3055 omnibus
1316 3009 1472 3056 eidem
1503 3006 1624 3056 iuste
1657 3009 2011 3071 pertinentibus
2035 3016 2086 3056 et
2104 3016 2285 3058 'terram
2309 3025 2419 3057 cum
2453 3012 2591 3058 rectis

667 3097 822 3146 divisis
838 3098 933 3145 suis
950 3106 1000 3148 et
1014 3099 1316 3160 pertinentiis
1334 3099 1453 3147 adeo
1472 3099 1621 3148 libere
1639 3085 1840 3147 teneant
1857 3100 2020 3161 quiete
2043 3100 2301 3148 honorifice
2315 3106 2366 3148 et
2379 3100 2591 3162 plenarie

667 3188 926 3250 poffideant
964 3189 1133 3236 liberas
1157 3196 1209 3236 et
1231 3190 1416 3250 quietas
1444 3190 1505 3237 ab
1529 3191 1659 3237 omni
1682 3188 1873 3238 servitio
1902 3190 2152 3239 exustione
2175 3197 2226 3238 et
2248 3189 2591 3238 consuetudine

670 3282 728 3327 ad
752 3295 836 3326 nos
870 3281 1139 3340 pertinente
1172 3277 1290 3327 ficut
1324 3280 1482 3342 aliqua
1505 3279 1702 3331 ecclefia
1724 3278 1823 3329 fiue
1853 3287 1982 3330 terra
2005 3282 2054 3328 in
2076 3287 2181 3329 toto
2205 3281 2374 3344 Regno
2397 3280 2592 3329 liberius
