2982 4016
394 574 509 610 nm.
534 573 683 607 ALEx.
710 574 764 607 11.
944 562 994 610 S.
1030 561 1426 611 TRINITATIS
1463 563 1555 611 DE
1591 562 1785 611 SCON.
2270 575 2329 620 39

391 690 544 739 solvat
613 692 679 739 Et
702 694 932 755 prohibeo
956 711 1018 743 ne
1042 696 1147 757 quis
1171 693 1369 743 ecclefie
1393 697 1452 744 de
1471 695 1599 743 Scon
1623 693 1719 744 five
1743 695 1950 744 eiusdem
1978 697 2070 745 loci
2094 702 2330 748 canonicis

391 783 573 844 aliquid
598 786 657 831 de
680 787 894 847 predi&a
917 787 1103 834 decima
1124 785 1221 835 five
1245 785 1504 836 elemofina
1526 788 1655 836 ultra
1684 790 1920 850 predi&os
1955 790 2187 837 terminos
2211 792 2331 838 deti-

335 880 351 891 *
390 882 506 922 neat
539 876 679 939 super
712 893 870 925 meam
901 879 1165 940 plenariam
1202 879 1544 928 foriffadmram
1613 881 1664 928 si
1691 882 1796 942 quis
1824 897 1936 929 vero
1969 880 2108 944 super
2136 883 2227 929 hoc
2264 884 2330 929 eis

295 1527 350 1573 61

294 2636 354 2682 62

389 967 561 1029 aliquis
585 970 802 1017 detinere
835 969 1170 1034 presumpserit
1204 973 1413 1035 precipio
1449 979 1506 1019 ut
1529 973 1796 1020 vicecomes
1819 970 1917 1020 five
1950 973 2157 1021 ballivus
2194 989 2330 1020 meus

389 1061 439 1106 in
466 1062 601 1107 cuius
624 1059 864 1123 potestate
888 1063 1077 1110 debitor
1098 1063 1244 1110 fuerit
1268 1079 1379 1111 eum
1403 1061 1653 1127 distringat
1677 1065 1828 1112 donec
1861 1065 1928 1111 eis
1953 1065 2170 1112 debitum
2193 1064 2328 1112 suum

390 1155 603 1216 plenarie
625 1155 905 1218 persolverit
972 1154 1190 1205 Testibus

389 1339 536 1387 Carta
559 1339 828 1388 Alexandri
853 1340 1000 1403 Regis
1024 1341 1085 1387 de
1107 1339 1474 1387 reffltudinibus
1496 1340 1547 1386 in
1571 1340 1713 1386 domo
1738 1340 1924 1402 Regine
1942 1367 1952 1378 ·

389 1508 538 1571 Alex
563 1525 639 1570 dei
665 1523 766 1571 Gra
789 1523 899 1582 Rex
924 1521 1064 1571 Scotf
1083 1550 1093 1561 ·
1120 1522 1360 1570 Omnibus
1383 1523 1544 1584 probis
1566 1523 1840 1570 hominibus
1862 1522 2035 1571 Tocius
2057 1530 2183 1571 terre
2205 1524 2285 1572 sue
2307 1527 2323 1572 ἐ

388 1615 545 1663 Saltm
563 1641 574 1652 ·
594 1615 769 1663 Sciatis
792 1631 871 1662 me
894 1612 1162 1663 conceffiss'e
1186 1616 1275 1662 deo
1299 1624 1331 1661 ἲ
1355 1615 1505 1662 ecclie
1528 1616 1588 1662 de
1613 1614 1742 1662 Scofi
1760 1641 1770 1651 -
1787 1623 1821 1662 ”c
1843 1615 2006 1663 abbati
2029 1624 2063 1662 ‘t
2086 1618 2324 1664 canonicis

386 1708 567 1755 ibidem
592 1708 681 1755 deo
704 1705 986 1754 seruietibus
1020 1713 1077 1753 ut
1100 1707 1312 1754 habeant
1336 1708 1386 1753 in
1421 1708 1563 1754 domo
1598 1706 1787 1771 Regine
1821 1707 1995 1755 omnes
2018 1710 2326 1756 refititudines

388 1815 506 1862 quas
533 1800 717 1847 habent
752 1801 802 1846 in
838 1800 980 1846 domo
1015 1814 1124 1846 mea
1146 1824 1156 1835 ·
1181 1798 1362 1846 scilicet
1397 1800 1456 1846 de
1492 1799 1699 1861 expensa
1730 1808 1764 1846 ⁶1:
1798 1801 2002 1861 coquina
2026 1827 2036 1838 ·
2062 1800 2215 1861 q‘fndo
2248 1799 2327 1863 ἰῇα

388 1894 570 1941 curiam
593 1891 727 1940 suam
750 1908 783 1953 p
806 1890 854 1939 se
872 1892 1085 1938 tenuerit
1109 1917 1119 1927 ·
1146 1889 1271 1947 Qaere
1305 1892 1516 1953 precipio
1552 1891 1772 1938 Bailliuis
1796 1899 1829 1937 ⁶³:
1852 1889 2171 1939 seruientibus
2203 1892 2296 1939 suis
2313 1918 2323 1929 ·

388 1990 445 2032 ut
485 1984 561 2032 eis
590 1985 825 2047 predistas
862 1984 1173 2031 reffitudines
1208 1980 1307 2031 fine
1343 1980 1685 2031 disturbatione
1711 1983 1888 2031 habere
1919 1984 2097 2031 faciant
2130 2010 2141 2021 ·
2173 1983 2323 2031 Test*

389 2076 519 2124 Wffl
548 2103 559 2114 ·
594 2075 737 2124 Abbe
762 2104 772 2114 ·
798 2077 858 2123 de
893 2075 1068 2123 Edenb
1102 2074 1266 2122 -Wffl
1302 2103 1312 2113 ·
1349 2076 1409 2122 de
1443 2073 1600 2122 Bosch
1635 2101 1645 2111 ·
1680 2073 1866 2122 cancell
1889 2100 1899 2111 ·
1933 2074 2065 2122 Alex
2087 2101 2098 2112 ·
2123 2077 2198 2124 vif:
2220 2102 2231 2112 ·
2266 2077 2325 2122 de

389 2168 549 2217 St²uel
567 2196 578 2207 ·
605 2166 691 2215 Ad
712 2194 723 2205 ·
749 2166 967 2229 capellafi
990 2193 1001 2204 ·
1026 2167 1188 2229 Roge'f
1213 2194 1223 2204 ·
1244 2168 1303 2214 de
1327 2172 1513 2214 mortuo
1538 2167 1652 2215 mari
1675 2165 1830 2213 'rhoffi
1850 2193 1862 2204 ·
1887 2167 1947 2214 de
1971 2165 2129 2215 St²uel
2146 2194 2156 2204 ·
2175 2168 2295 2215 clico
2315 2195 2324 2203 ·

387 2258 523 2311 Coals
548 2287 559 2298 ·
581 2262 810 2323 pincerna
832 2286 843 2296 ·
867 2257 986 2322 Apd
1009 2258 1217 2306 St¹uelifi
1240 2285 1250 2295 ·
1277 2259 1338 2320 vij
1365 2259 1442 2306 die
1466 2258 1723 2320 Septemb?
1746 2285 1756 2296 ·

388 2445 537 2493 Carta
560 2444 830 2491 Alexandri
854 2442 1001 2506 Regis
1026 2444 1085 2489 de
1109 2449 1237 2489 terra
1259 2458 1352 2503 que
1377 2448 1574 2490 vocatur
1598 2441 1760 2492 Insula
1783 2443 1842 2489 de
1866 2442 2007 2490 Scon.

392 2614 690 2678 Alexander
712 2628 807 2675 Dei
833 2626 1003 2674 Gratia
1026 2625 1134 2672 Rex
1160 2624 1440 2672 Scottorum
1464 2625 1686 2672 omnibus
1705 2626 1865 2687 probis
1884 2626 2159 2673 hominibus
2178 2628 2324 2673 totius

389 2729 518 2771 terre
542 2721 624 2768 sue
648 2721 833 2768 clericis
858 2725 908 2767 et
931 2719 1065 2766 laicis
1088 2717 1293 2764 salutem
1351 2716 1519 2764 Sciant
1536 2715 1779 2778 presentes
1803 2722 1854 2764 et
1878 2718 2028 2764 futuri
2048 2732 2133 2763 nos
2151 2716 2325 2787 dedifl'e

390 2821 440 2862 et
452 2800 731 2861 ‘conceffifl'e
767 2818 817 2859 et
850 2812 941 2858 hac
976 2816 1109 2858 carta
1142 2807 1301 2856 nostra
1335 2807 1629 2856 confirmasse
1664 2809 1881 2856 Galfrido
1916 2808 2013 2855 filio
2047 2807 2230 2861 martiii
2265 2809 2323 2854 de

389 2905 507 2953 Pert
531 2904 705 2952 clerico
727 2902 888 2950 nostro
912 2908 1090 2949 terram
1114 2917 1208 2963 que
1232 2906 1431 2948 vocatur
1498 2898 1659 2947 Insula
1683 2901 1742 2947 de
1767 2899 1927 2946 Scona
1992 2899 2204 2946 Tenend.
2237 2896 2321 2945 fibi

390 3003 441 3045 et
463 2996 720 3044 heredibus
742 2993 838 3041 suis
873 2994 933 3040 de
965 2994 1104 3040 nobis
1139 2999 1190 3040 et
1223 2993 1478 3040 heredibus
1514 2990 1683 3039 nostris
1718 2992 1767 3037 in
1802 2991 1940 3037 feodo
1975 2996 2024 3036 et
2058 2990 2323 3036 hereditate
2410 2984 2421 2992 ⁶

389 3105 500 3137 cum
525 3087 747 3134 omnibus
762 3082 903 3146 justis
927 3083 1138 3146 ejusdem
1160 3089 1290 3130 terre
1312 3084 1665 3145 pertinentibus
1688 3082 1837 3128 libere
1861 3087 1911 3128 et
1929 3082 2091 3142 quiete
2114 3081 2323 3142 plenarie

391 3188 441 3229 et
463 3178 723 3228 honorifice
747 3176 1014 3224 Reddendo
1038 3176 1151 3222 inde
1174 3176 1312 3222 nobis
1333 3181 1383 3221 et
1398 3175 1651 3221 heredibus
1674 3171 1843 3219 nostris
1858 3169 2052 3234 fingulis
2079 3173 2215 3218 annis
2238 3187 2323 3233 pro

390 3272 612 3321 omnibus
651 3269 855 3317 servitiis
894 3282 1041 3314 unam
1074 3271 1262 3327 petram
1304 3281 1410 3313 cere
1444 3266 1503 3312 ad
1538 3262 1711 3312 festum
1744 3263 1889 3311 sanffi
1922 3263 2091 3311 Jacobi
2125 3262 2323 3325 apostoli

392 3365 550 3414 Salvis
573 3363 711 3410 nobis
735 3367 786 3408 et
808 3359 1064 3407 heredibus
1087 3355 1258 3406 nostris
1292 3358 1513 3404 omnibus
1537 3355 1742 3418 piscariis
1767 3361 1816 3403 et
1840 3355 1973 3417 aquis
1995 3356 2045 3402 in
2068 3354 2167 3416 Tay
2190 3356 2325 3402 iuxta

391 3457 655 3520 predffiam
677 3460 855 3501 terram
923 3448 1141 3498 Testibus
