3002 4030
461 518 825 552 REG.DAV1D11.
1007 486 1062 552 s.
1097 505 1490 555 TRINITA'rIs
1526 509 1617 556 DE
1653 510 1846 559 SCON.
2299 525 2382 566 131

460 642 510 682 et
533 635 636 682 zelo
660 636 903 697 religionis
926 637 1167 682 ferventer
1189 636 1370 683 accensi
1398 640 1531 700 cujus
1555 643 1857 688 commodum
1882 649 1931 690 et
1954 644 2181 692 honorem
2204 646 2386 710 semper

457 726 685 786 ampliare
717 724 962 773 studemus
992 727 1043 772 in
1075 727 1268 773 domino
1302 736 1358 774 ut
1392 727 1595 792 religiosi
1629 733 1807 778 mundo
1841 736 2016 780 mortui
2052 737 2257 795 quietius
2292 739 2379 786 deo

457 819 621 864 vivant
645 823 694 864 et
730 818 779 863 in
803 818 1053 882 vocatione
1085 832 1178 878 qua
1209 821 1366 865 vocati
1393 818 1503 866 sunt
1534 837 1644 867 cum
1678 824 1935 883 gratiarum
1967 826 2152 872 afflone
2188 827 2379 875 liberius

454 924 733 969 permanere
756 908 949 955 valeant
972 906 1281 956 Considerata
1315 912 1608 970 permaxime
1639 915 1866 974 temporis
1891 916 2119 963 varietate
2144 920 2379 966 contraria

458 1005 508 1046 et
540 1000 752 1046 locorum
781 998 1006 1046 distantia
1036 1015 1128 1060 que
1161 999 1388 1062 religiosis
1419 1002 1696 1062 frequenter
1727 1005 1928 1051 difficilis
1952 1004 2043 1052 esse
2067 1007 2309 1055 consuevit
2333 1015 2382 1055 et

459 1091 629 1137 nociva
650 1091 815 1138 habito
838 1089 978 1152 super
999 1091 1090 1137 hoc
1114 1090 1290 1152 diligen
1299 1093 1334 1137 ti
1359 1093 1565 1138 tractatu
1589 1099 1639 1139 et
1660 1092 1828 1141 saniori
1852 1093 2044 1143 confilio
2077 1098 2383 1159 adhibitoque

458 1182 808 1228 rationabiliter
851 1182 1046 1243 pietatis
1083 1179 1239 1227 studio
1280 1182 1340 1228 de
1381 1180 1573 1229 consilio
1611 1183 1837 1231 consensu
1883 1192 1933 1232 et
1973 1184 2151 1234 assensu
2188 1189 2383 1249 capituli

453 1271 601 1319 nostri
626 1273 969 1320 Sanctiandree
992 1288 1077 1333 pro
1100 1271 1253 1320 salute
1277 1275 1435 1320 anime
1460 1271 1616 1321 nostre
1638 1273 1947 1322 succefl‘orum
1970 1275 2234 1325 nostrorum
2253 1280 2382 1326 dedi-

453 1380 561 1412 mus
585 1361 894 1412 conceffimus
919 1380 975 1410 ac
999 1365 1146 1410 etiam
1169 1364 1319 1410 libere
1343 1380 1461 1425 pure
1487 1370 1537 1411 et
1561 1362 1837 1426 simpliciter
1858 1382 1943 1427 per
1965 1367 2205 1428 presentes
2240 1371 2382 1417 dona·

455 1471 562 1502 mus
598 1461 647 1502 et
682 1456 987 1502 concedimus
1023 1471 1077 1501 ac
1114 1456 1399 1501 au&oritate
1433 1456 1695 1516 pontificali
1730 1458 2070 1518 perpetualiter
2101 1460 2383 1521 deputamus

455 1546 755 1595 annecffimus
790 1551 840 1593 et
871 1547 1063 1592 unimus
1096 1544 1346 1608 Religiofis
1382 1548 1494 1593 viris
1523 1546 1709 1594 Abbati
1741 1549 1799 1594 de
1833 1549 1989 1596 Scona
2017 1551 2191 1597 ordinis
2223 1551 2383 1599 Sanffi

455 1635 712 1700 Augustini
749 1635 907 1683 nostre
946 1635 1142 1684 diocesis
1175 1638 1520 1685 Sanctiandree
1555 1654 1609 1685 ac
1647 1638 1898 1687 Canonicis
1931 1641 2079 1687 vitam
2118 1643 2382 1704 regularem

454 1727 665 1792 profeffis
696 1730 875 1776 ibidem
911 1729 1000 1775 deo
1035 1729 1349 1777 servientibus
1382 1734 1432 1775 et
1465 1730 1817 1790 imperpetuum
1845 1730 2085 1778 servituris
2121 1731 2380 1780 Ecclesiam

454 1820 773 1883 parochialem
798 1821 857 1866 de
879 1819 984 1866 blar
1006 1820 1131 1866 infra
1154 1820 1441 1866 decanatum
1468 1820 1526 1865 de
1551 1819 1726 1882 Gowry
1745 1836 1854 1867 cum
1874 1823 2092 1869 omnibus
2110 1821 2202 1869 suis
2226 1824 2383 1870 frusti-

453 1914 542 1959 bus
571 1912 940 1958 obventionibus
975 1911 1172 1958 decimis
1202 1911 1461 1972 majoribus
1496 1916 1546 1956 et
1576 1912 1836 1958 minoribus
1860 1928 1914 1958 ac
1944 1914 2249 1973 pertinenciis
2279 1916 2383 1961 uni-

456 2001 597 2051 versis
631 2003 828 2065 prefatis
859 1999 1088 2064 religiosis
1118 2002 1169 2047 in
1196 2003 1410 2063 proprios
1438 1999 1548 2048 usus
1580 2003 1630 2047 in
1664 2003 1836 2063 prefati
1870 2002 2140 2065 monasterij
2172 2011 2222 2051 et
2251 2003 2381 2052 suam

453 2093 718 2140 utilitatem
751 2092 963 2153 plenarie
996 2097 1230 2153 perpetuo
1266 2094 1638 2139 convertendam
1706 2093 1784 2140 Ita
1807 2095 1931 2154 quod
1965 2096 2165 2142 cedente
2194 2096 2270 2143 vel
2302 2098 2382 2144 de-

457 2186 660 2232 cedente
695 2184 887 2229 domino
921 2182 953 2229 J
957 2183 1144 2229 ohanne
1169 2183 1308 2245 Lyell
1345 2199 1474 2230 nunc
1511 2185 1695 2230 refitore
1733 2183 1940 2245 ejusdem
1973 2186 2145 2246 prefati
2181 2185 2382 2249 religiosi

458 2277 631 2323 dietam
655 2272 901 2322 ecclesiam
925 2290 981 2320 ac
1003 2272 1183 2320 statum
1207 2280 1257 2321 et
1281 2275 1573 2336 corporalem
1602 2273 1925 2336 posl'effionem
1950 2277 2133 2322 ei9dem
2154 2292 2240 2338 per
2261 2276 2308 2323 se
2332 2284 2381 2324 et

457 2367 742 2414 au8toritate
773 2366 962 2426 propria
992 2364 1166 2425 absque
1195 2365 1518 2426 cujuscunque
1550 2366 1746 2412 alterius
1781 2364 2090 2428 affignatione
2123 2367 2200 2414 vel
2239 2370 2382 2415 tradi-

455 2459 588 2504 tione
605 2457 754 2503 libere
771 2458 955 2503 intrent
974 2465 1024 2502 et
1046 2455 1379 2504 nanciscantur
1401 2458 1608 2503 habeant
1627 2463 1677 2503 et
1696 2458 1944 2503 obtineant
1967 2456 2205 2519 ipsamque
2220 2460 2381 2520 quiete

455 2554 654 2595 teneant
678 2553 729 2594 et
751 2553 983 2609 perpetuo
1007 2544 1272 2608 poffideant
1297 2547 1416 2595 ficut
1440 2548 1648 2608 aliquam
1667 2545 1914 2595 ecclefiam
1928 2550 2049 2596 infra
2064 2549 2379 2611 episcopatum

452 2638 666 2686 nostrum
690 2641 899 2700 quietius
922 2645 973 2686 et
997 2640 1191 2686 liberius
1215 2637 1451 2700 poffident
1475 2638 1555 2685 seu
1579 2637 1807 2700 poffidere
1831 2638 2170 2687 consueverant
2192 2642 2242 2687 in
2264 2639 2380 2702 ipso-

452 2747 559 2777 rum
583 2729 692 2777 usus
715 2731 928 2792 proprios
946 2736 996 2777 et
1013 2731 1187 2792 prefati
1211 2728 1480 2791 monasterij
1505 2730 1767 2776 utilitatem
1785 2736 1840 2776 ut
1863 2731 2157 2791 premittitur
2171 2732 2379 2792 plenarie

454 2821 827 2869 transferendam
865 2820 1020 2868 Salvis
1044 2827 1206 2868 tamen
1236 2818 1461 2882 pensione
1492 2826 1687 2868 centum
1710 2820 1963 2867 solidorum
1998 2819 2278 2868 monasterio
2317 2823 2376 2869 de

454 2909 842 2960 Cambuskeneth
870 2912 931 2960 de
962 2913 1088 2959 dieta
1119 2909 1315 2959 ecclesia
1346 2912 1508 2959 debita
1538 2917 1589 2958 et
1620 2912 1840 2958 oneribus
1869 2912 2111 2958 ordinariis
2142 2910 2376 2959 consuetis

453 3010 554 3051 tam
579 3002 920 3064 episcopalibus
939 3018 1082 3063 quam
1106 3003 1561 3050 archidiaconalibus
1579 3001 1672 3048 suis
1691 3002 1904 3048 terminis
1924 2999 2042 3048 ficut
2060 3002 2159 3048 fieri
2184 3002 2375 3050 consue-

455 3096 525 3141 vit
548 3094 761 3155 plenarie
783 3091 1125 3154 persolvendis
1162 3094 1228 3140 Et
1248 3094 1374 3155 quod
1399 3094 1554 3140 eidem
1579 3090 1773 3139 ecclesie
1796 3108 1881 3153 per
1905 3108 2053 3138 unum
2077 3093 2375 3154 capellanum

452 3188 693 3248 ydoneum
709 3183 828 3232 ficut
844 3190 894 3232 et
908 3185 1012 3232 aliis
1031 3183 1238 3232 ecclesiis
1252 3184 1346 3232 suis
1361 3186 1411 3231 in
1427 3184 1596 3230 divinis
1613 3183 1775 3229 officiis
1790 3183 1950 3229 debite
1965 3183 2140 3230 faciant
2155 3183 2374 3231 deserviri

455 3277 695 3325 Volumus
719 3277 864 3323 etiam
889 3282 938 3323 et
962 3277 1234 3323 ordinamus
1258 3276 1384 3338 quod
1408 3271 1603 3322 ecclesia
1626 3275 1685 3320 de
1709 3274 1963 3335 kerington
1994 3271 2151 3320 nostre
2179 3272 2372 3322 diocesis
