3002 4030
504 2862 608 2907 186.

651 487 743 530 144
1309 480 1515 528 LIBER
1551 479 1876 528 ECCLESIE
2337 496 2436 529 suc.
2458 496 2565 529 xlv.

647 612 783 660 nobis
805 612 896 659 fuit
929 610 1176 658 humiliter
1207 608 1520 671 supplicatum
1555 615 1610 656 ut
1642 607 1872 671 premiffis
1895 611 2114 658 omnibus
2137 626 2222 673 per
2244 611 2424 660 dictum
2450 611 2567 673 epis-

648 717 819 764 copum
844 707 900 749 ut
932 701 1228 763 premittitur
1250 700 1384 747 faffls
1402 713 1418 746 s
1441 699 1608 746 Robur
1640 700 2012 747 confirmationis
2034 701 2222 748 adicere
2246 717 2356 749 cum
2380 700 2567 764 supple-

648 793 782 841 tione
815 792 1122 839 defefituums
1145 788 1180 836 fi
1204 790 1285 851 qui
1319 790 1370 836 in
1403 791 1471 837 eis
1504 790 1850 837 intervenerint
1884 792 1944 838 de
1978 791 2277 854 benig-nitate
2310 790 2567 854 apostolica

648 883 949 946 dignaremur
977 894 993 928 s
1017 879 1123 926 Nos
1156 880 1302 942 igitur
1334 876 1710 927 consideratione
1743 880 1890 927 etiam
1923 878 2141 928 cariflimi
2173 883 2225 928 in
2259 880 2447 929 Christo
2479 882 2564 945 filij

648 971 796 1020 nostri
830 970 1030 1018 Roberti
1065 969 1213 1031 Regis
1247 968 1410 1016 Scotie
1443 965 1636 1016 illustris
1667 970 1821 1030 quiin
1854 968 1953 1031 ipso
1988 969 2282 1018 Monasterio
2316 972 2376 1018 de
2411 971 2567 1021 Scona

648 1064 698 1110 in
715 1077 808 1123 quo
824 1057 1165 1122 predecessores
1182 1057 1252 1106 sui
1271 1058 1429 1120 Reges
1447 1057 1610 1106 Scotie
1627 1061 1838 1106 coronari
1855 1059 2203 1108 consueverunt
2218 1075 2233 1108 l
2251 1063 2417 1109 extitit
2435 1078 2567 1109 coro·

649 1159 790 1201 natus
814 1152 949 1198 nobis
971 1149 1110 1212 super
1141 1150 1231 1197 hoc
1262 1149 1507 1196 humiliter
1538 1147 1845 1211 supplicantis
1867 1148 2134 1211 hujusmodi
2158 1150 2304 1213 Regis
2326 1151 2404 1199 Ao
2422 1152 2568 1200 ᾶίἃο-

647 1258 753 1290 rum
775 1241 982 1289 Abbatis
1015 1246 1067 1287 et
1100 1245 1363 1287 conventus
1395 1239 1445 1286 in
1468 1240 1557 1287 hac
1590 1250 1726 1300 parte
1759 1238 2181 1301 supplicationibus
2216 1241 2431 1288 inclinati
2455 1257 2567 1289 con-

648 1330 898 1380 ceffionem
934 1331 1251 1378 annexionem
1285 1335 1336 1377 et
1368 1331 1594 1377 unionem
1628 1330 1860 1390 proditius
1893 1336 2021 1377 ratas
2060 1330 2293 1378 habentes
2326 1338 2377 1378 et
2408 1338 2566 1393 gratas

647 1422 752 1471 illas
784 1422 1066 1470 au&oritate
1099 1418 1355 1482 apostolica
1387 1435 1448 1466 ex
1483 1426 1613 1467 certa
1645 1417 1841 1467 scientia
1876 1426 2042 1467 tenore
2074 1419 2364 1482 presentium
2400 1422 2566 1469 confir-

647 1527 831 1560 mamus
859 1518 909 1558 et
934 1510 1163 1573 presentis
1196 1509 1354 1572 scripti
1387 1511 1650 1571 patrocinio
1685 1511 2034 1558 communimus
2067 1509 2341 1572 supplentes
2374 1526 2566 1560 omnem

648 1604 885 1651 defe&um
912 1599 946 1648 fi
970 1602 1074 1662 quis
1097 1600 1249 1648 forsan
1274 1601 1587 1647 intervenerit
1609 1600 1659 1646 in
1683 1597 1858 1647 eisdem
1910 1600 2149 1649 Volumus
2183 1607 2344 1649 autem
2380 1603 2506 1663 quod
2529 1600 2564 1649 fi

649 1708 858 1755 congrua
875 1693 1030 1753 portio
1047 1707 1132 1752 pro
1154 1696 1387 1752 perpetuo
1405 1691 1579 1737 vicario
1595 1690 1646 1736 in
1670 1691 1795 1737 diae.
1817 1688 2015 1738 ecclesia
2036 1691 2095 1738 de
2118 1691 2249 1739 blare
2272 1691 2491 1739 instituto
2514 1699 2564 1740 et

648 1786 840 1830 inantea
869 1779 1160 1828 instituendo
1194 1777 1423 1842 affignata
1454 1795 1551 1827 non
1586 1777 1656 1827 est
1688 1777 1978 1842 affigneturs
2004 1796 2066 1829 ex
2100 1796 2193 1843 qua
2214 1783 2342 1830 idem
2366 1784 2566 1831 vicarius

647 1870 786 1935 poffit
819 1888 1027 1935 congrue
1059 1870 1307 1918 sustentari
1342 1868 1639 1932 Episcopalia
1661 1876 1712 1917 et
1739 1871 2131 1920 archidiaconalia
2157 1873 2270 1934 jura
2300 1872 2566 1935 persolvere

647 1970 697 2011 et
719 1964 812 2011 alia
828 1964 871 2010 ei
890 1962 1216 2010 incumbentia
1239 1975 1383 2008 onera
1404 1959 1677 2022 supportare
1699 1966 1839 2008 tenor
1861 1968 2023 2009 autem
2042 1964 2272 2011 diaamm
2295 1965 2565 2012 litterarum

646 2055 755 2102 talis
788 2053 859 2102 est
893 2067 909 2100 s
951 2053 1032 2116 [ut
1065 2050 1204 2114 supra
1243 2050 1358 2112 176]
1403 2050 1543 2097 Nulli
1583 2067 1696 2113 ergo
1732 2053 1926 2099 omnino
1965 2053 2214 2100 hominum
2254 2055 2399 2103 liceat
2442 2057 2565 2104 hanc

646 2145 866 2207 paginam
889 2141 1046 2190 nostre
1070 2142 1439 2190 confirmationis
1460 2138 1769 2202 suppletionis
1787 2148 1838 2189 et
1861 2142 2122 2190 voluntatis
2144 2145 2402 2207 infringere
2419 2146 2497 2193 vel
2519 2149 2564 2194 ei

648 2234 761 2282 ausu
784 2235 1036 2282 temerario
1060 2232 1294 2280 contraire
1361 2230 1414 2278 Si
1438 2232 1543 2291 quis
1575 2237 1739 2278 autem
1779 2232 1871 2279 hoc
1903 2237 2194 2295 attemptare
2231 2233 2565 2297 presumpserit

649 2325 1033 2388 Indignationem
1051 2322 1391 2384 omnipotentis
1406 2321 1498 2369 Dei
1518 2327 1568 2368 et
1585 2322 1833 2369 beatorum
1853 2322 1986 2370 Petri
2004 2329 2054 2371 et
2070 2323 2208 2371 Pauli
2226 2323 2563 2386 Apostolorum

649 2417 749 2477 ejus
773 2414 819 2462 se
842 2414 1026 2461 noverit
1044 2412 1339 2460 incursurum
1374 2411 1556 2459 Datum
1577 2410 1792 2460 Auinioii
1817 2428 1883 2460 xv
1903 2413 1960 2461 ki
1981 2413 2203 2462 februarii
2222 2427 2239 2462 l
2260 2416 2565 2477 pontificatus

648 2505 793 2553 nostri
815 2520 940 2552 anno
961 2505 1105 2551 tertio
1126 2511 1201 2551 zo.

651 2680 929 2745 Refignacio
952 2682 1011 2730 de
1034 2679 1441 2743 Cambusmychel.

653 2849 844 2913 Pateat
866 2844 1043 2910 vniiifis
1065 2878 1099 2922 p
1120 2850 1311 2924 fisentes
1333 2876 1406 2910 me
1428 2862 1674 2909 mariotam
1692 2861 1752 2908 de
1768 2859 2073 2924 Buthirgask’
2103 2862 2269 2911 reliffi
2290 2865 2434 2924 q⁰ndii
2455 2864 2566 2912 Ade

650 2960 710 3006 de
732 2951 1015 3016 Bothirgask
1038 2949 1193 2999 fecisse
1212 2965 1228 2999 s
1250 2949 1538 2999 constituifl'e
1552 2959 1586 2997 *t
1602 2967 1636 3011 p
1651 2939 1843 3013 Brontes
1861 2949 2054 2999 ordiafl‘e
2077 2953 2225 3000 dilflos
2247 2969 2379 3001 meos
2402 2956 2566 3002 thoma

651 3050 710 3095 de
734 3045 1001 3105 Walchope
1041 3043 1206 3089 subvi&
1245 3042 1304 3089 de
1341 3041 1487 3088 Perth
1526 3050 1560 3087 *t
1594 3040 1770 3087 Wfflm
1811 3043 1871 3089 de
1904 3042 2219 3103 qwhithosum
2256 3045 2467 3107 burgenss
2505 3047 2565 3093 de

652 3137 799 3185 Pertb
821 3149 951 3181 meos
979 3139 1255 3193 peuratores
1289 3133 1554 3179 a&ornatos
1586 3140 1620 3178 *t
1652 3133 1806 3179 nfieffis
1839 3130 1997 3194 spales
2030 3141 2063 3179 ⁶1:
2097 3149 2190 3191 eoqz
2221 3135 2484 3195 quemlibet
2515 3138 2563 3182 in

649 3226 801 3274 solidu
824 3226 883 3272 ad
906 3220 1151 3285 refignz’zdfi
1165 3237 1291 3283 pure
1310 3229 1345 3269 ’ἱ
1368 3218 1531 3283 ίὶῐηρῒι·
1551 3238 1585 3283 p
1606 3220 1783 3268 fustum
1806 3230 1839 3268 ‘t
1862 3223 2020 3270 baoim
2053 3239 2108 3271 ac
2140 3239 2174 3284 p
2207 3225 2290 3272 has
2324 3240 2452 3272 meas
2485 3241 2565 3286 pa-
