2982 4016
535 1223 623 1265 100

658 537 719 582 64
1331 529 1536 576 LIBER
1572 524 1900 574 ECCLESIE
2330 538 2440 572 sec.
2467 539 2581 572 xm.

656 667 744 713 fice
778 663 896 713 sicut
930 665 1087 726 aliqua
1120 663 1348 710 abbachia
1387 662 1435 706 in
1472 673 1618 721 regno
1658 657 1822 704 Scotie
1857 656 2065 717 aliquam
2105 654 2350 704 ecclesiam
2388 658 2583 704 liberius

657 758 862 818 quietius
907 763 957 803 et
1002 754 1386 802 honorificentius
1431 756 1567 797 tenet
1612 748 1688 795 vel
1734 744 1936 809 poffidet
2026 746 2181 794 Salvis
2237 747 2582 810 episcopalibus

657 846 873 895 Testibus
896 846 1103 908 capitulo
1128 839 1459 891 Dunkeldenfi
1483 848 1533 888 et
1556 840 1722 887 multis
1746 839 1863 886 aliis.

658 1030 801 1077 Carta
815 1027 1013 1076 Galfridi
1033 1024 1235 1087 episcopi
1254 1020 1607 1071 Dunkeldenfis
1624 1020 1763 1083 super
1782 1020 1917 1084 Logy
1932 1020 2115 1068 Mehed
2134 1027 2185 1069 et
2203 1021 2584 1084 Rotligartanan.

669 1195 923 1258 Universis
945 1207 1100 1255 san&e
1136 1207 1300 1253 matris
1325 1202 1520 1253 ecclesie
1543 1205 1651 1251 filiis
1675 1202 1865 1266 presens
1899 1201 2127 1265 scriptum
2152 1202 2318 1251 visuris
2342 1203 2419 1251 vel
2453 1206 2587 1252 audi-

659 1302 775 1348 turis
810 1299 1052 1347 Galfridus
1087 1295 1385 1360 permiffionc
1420 1297 1580 1342 divina
1614 1292 1970 1342 Dunkeldenfis
2004 1294 2250 1357 episcopus
2286 1297 2503 1343 eternam
2537 1298 2589 1343 in

658 1393 849 1439 domino
883 1390 1082 1438 salutem
1152 1389 1358 1436 Noverit
1392 1385 1671 1434 universitas
1706 1384 1861 1434 vestra
1894 1402 1981 1434 nos
2015 1387 2075 1434 ad
2108 1386 2307 1449 plenum
2341 1385 2588 1450 inspexiss'e

658 1484 966 1545 plurimorum
990 1481 1312 1543 episcoporum
1347 1476 1763 1527 Dunkeldenfium
1786 1476 2164 1540 predecessorum
2188 1476 2454 1526 nostrorum
2478 1496 2590 1528 con-

658 1572 881 1623 eeffiones
916 1581 964 1621 et
1001 1574 1381 1621 confirmationes
1421 1568 1704 1618 monasterio
1745 1570 1805 1617 de
1845 1568 2005 1618 Scona
2040 1577 2091 1617 et
2128 1572 2368 1618 canonicis
2408 1572 2588 1620 ibidem

659 1666 764 1713 Deo
800 1665 1110 1712 servientibus
1144 1670 1195 1711 et
1240 1663 1482 1711 servituris
1517 1665 1567 1710 in
1600 1668 1889 1725 perpetuum
1922 1662 2069 1710 saetas
2113 1660 2254 1725 super
2287 1660 2496 1710 ecclefiis
2530 1665 2590 1711 de

658 1757 791 1819 Logy
816 1756 995 1803 Mehed
1021 1757 1069 1802 in
1093 1755 1311 1802 Athollia
1334 1761 1383 1803 et
1409 1756 1469 1803 de
1493 1755 1861 1818 Rothgortanan
1894 1755 1946 1801 in
1981 1754 2211 1802 Starmun
2246 1771 2358 1802 cum
2388 1756 2584 1818 capellis

657 1849 850 1895 decimis
890 1848 1027 1894 terris
1066 1844 1417 1908 poffeflionibus
1454 1846 1820 1894 reffitudinibus
1855 1846 2225 1894 obventionibus
2260 1847 2585 1896 oblationibus

657 1946 707 1986 et
740 1938 957 1985 omnibus
993 1938 1096 1985 aliis
1133 1939 1192 1985 ad
1229 1936 1416 1986 easdem
1449 1936 1670 1986 ecclefias
1696 1935 1826 2000 juste
1861 1939 2214 1999 pertinentibus
2248 1939 2299 1986 in
2333 1937 2442 1986 usus
2481 1938 2589 1987 suos

656 2031 867 2093 proprios
889 2030 1036 2076 libere
1060 2030 1393 2077 convertendis
1424 2036 1473 2077 et
1507 2028 1699 2092 insuper
1733 2030 2042 2077 donationem
2077 2029 2279 2078 Henrici
2314 2032 2502 2078 comitis
2530 2033 2589 2079 de

658 2121 876 2169 Athollia
924 2122 1093 2168 factam
1143 2119 1283 2183 super
1326 2137 1423 2168 uno
1473 2122 1597 2169 tofto
1654 2122 1704 2168 in
1753 2120 1922 2169 eadem
1972 2120 2142 2184 Logyn
2190 2137 2300 2169 cum
2351 2125 2595 2170 communi

659 2210 845 2274 pastura
868 2218 917 2259 et
940 2228 1049 2259 cum
1082 2213 1139 2259 de
1166 2213 1276 2273 jure
1300 2229 1396 2260 non
1419 2211 1654 2275 possemus
1678 2229 1767 2260 nec
1791 2212 2027 2260 vellemus
2051 2229 2216 2261 eorum
2245 2213 2369 2261 faeto
2392 2212 2592 2262 honesto

664 2302 839 2365 injuste
873 2305 1106 2350 contraire
1130 2319 1218 2351 nec
1241 2305 1341 2365 pias
1365 2320 1530 2352 eorum
1564 2304 1845 2352 collationes
1879 2311 1930 2352 et
1964 2305 2349 2353 confirmationes
2382 2307 2593 2368 predi&o

663 2392 944 2441 monasterio
981 2395 1124 2441 factas
1162 2395 1398 2443 infirmare
1452 2396 1558 2443 Nos
1597 2397 1767 2443 eodem
1802 2395 1971 2458 spiritu
2010 2397 2205 2459 pietatis
2251 2398 2380 2446 duai
2415 2414 2509 2460 quo
2544 2406 2595 2446 et

661 2485 814 2532 illido
837 2484 1062 2532 consensu
1096 2493 1145 2533 et
1180 2483 1357 2534 affensu
1392 2488 1588 2550 capituli
1623 2485 1822 2536 ecclesie
1855 2486 2213 2536 Dunkeldenfis
2237 2489 2518 2538 collationes
2541 2497 2592 2538 et

662 2574 976 2624 conceffiones
1016 2577 1395 2626 confirmationes
1431 2580 1642 2641 predi&o
1686 2578 1973 2628 monasterio
2007 2597 2037 2628 a
2068 2582 2414 2643 prenominatis
2448 2582 2595 2630 factas

663 2674 788 2715 ratas
833 2674 883 2715 et
922 2675 1079 2730 gratas
1118 2668 1349 2717 habentes
1390 2672 1696 2719 concedimus
1742 2677 1793 2719 et
1837 2673 1888 2719 in
1932 2678 2220 2735 perpetuum
2260 2674 2595 2722 confirmamus

664 2759 965 2806 concedimus
990 2760 1135 2806 etiam
1158 2760 1319 2807 abbati
1346 2767 1396 2808 et
1419 2764 1658 2810 canonicis
1695 2764 1867 2825 prefati
1901 2760 2171 2825 monasterij
2208 2769 2259 2810 et
2293 2779 2459 2811 eorum
2492 2764 2595 2812 suc-

662 2847 911 2897 cess'oribus
936 2851 984 2896 in
1008 2858 1292 2913 perpetuum
1322 2860 1378 2900 ut
1412 2855 1646 2915 predictas
1681 2852 1902 2902 ecclefias
1936 2853 2118 2902 scilicet
2152 2855 2212 2902 de
2249 2854 2386 2918 Logy
2409 2855 2594 2904 Mehed

664 2949 714 2989 et
736 2942 795 2989 de
819 2941 1126 3004 Rogortenen
1150 2944 1366 2992 totaliter
1387 2946 1437 2991 in
1461 2945 1571 2993 usus
1592 2943 1698 2993 suos
1721 2947 1935 3008 proprios
1970 2953 2255 2995 convertant
2280 2953 2330 2994 et
2354 2948 2423 2995 ita
2445 2947 2593 2996 libere

665 3039 715 3079 et
738 3033 897 3093 quiete
930 3033 1139 3093 plenarie
1173 3039 1224 3080 et
1257 3034 1513 3083 honorifice
1548 3042 1748 3084 teneant
1782 3043 1833 3084 et
1863 3034 2131 3100 poffldeant
2153 3035 2276 3086 ficut
2310 3038 2470 3101 aliqua
2491 3038 2595 3087 Ab-

667 3122 833 3169 bachia
870 3124 918 3169 in
959 3139 1105 3186 regno
1146 3124 1309 3172 Scotie
1348 3125 1530 3187 aliquas
1575 3124 1796 3186 ecclesias
1841 3129 1891 3175 in
1936 3130 2149 3191 proprios
2194 3128 2303 3177 usus
2347 3130 2594 3179 conversas

670 3213 859 3260 liberius
884 3215 1172 3274 quietius.et
1206 3216 1595 3265 honorificentius
1630 3224 1768 3266 tenet
1801 3224 1853 3267 et
1885 3217 2089 3282 poflidet
2156 3220 2236 3269 Ita
2269 3226 2433 3269 tamen
2467 3224 2594 3283 quod

670 3304 796 3351 idem
818 3305 1030 3352 canonici
1054 3303 1504 3369 ecclefiisprediffls
1527 3324 1613 3371 per
1634 3310 1843 3373 ydoneos
1866 3311 2137 3374 capellanos
2160 3311 2238 3360 vel
2268 3309 2304 3359 fi
2337 3311 2593 3361 maluerint
