2982 4016
399 562 514 596 REG.
539 561 652 595 non.
677 562 710 594 1.
948 548 997 595 S.
1032 547 1428 597 TRINITATIS
1464 547 1555 596 DE
1592 547 1787 597 SCON.
2239 556 2329 598 103

397 771 543 819 Carta
566 771 769 819 Roberti
792 772 940 835 Regis
962 778 1019 819 ut
1043 770 1338 820 custodiatur
1360 772 1492 820 lacus
1516 773 1576 819 de
1599 772 1743 820 Blare
1766 774 1827 820 ad
1850 786 1971 834 opus
1994 772 2142 835 Regis
2167 800 2177 811 ·

271 955 362 998 142
399 939 661 1002 Robertus
685 955 794 1001 Rex
818 954 1096 1001 Scottorum
1121 957 1392 1002 vicecomiti
1427 962 1477 1003 et
1510 956 1698 1002 ballivis
1721 955 1816 1003 suis
1851 957 1910 1003 de
1943 957 2086 1018 perth
2109 955 2330 1003 Salutem

398 1046 525 1102 Quia
547 1046 767 1092 volumus
792 1046 919 1106 quod
953 1045 1084 1092 lacus
1120 1047 1179 1092 de
1213 1046 1318 1093 bla‘f
1350 1047 1475 1094 infra
1506 1047 1702 1094 balliam
1725 1045 1928 1095 vestram
1953 1047 2246 1095 custodiatur
2269 1048 2329 1095 ad

398 1153 516 1199 opus
552 1135 765 1183 nostrum
800 1138 1045 1198 proprium
1081 1153 1166 1198 pro
1204 1138 1490 1185 adventibus
1530 1137 1701 1185 nostris
1738 1139 1887 1201 Apud
1928 1139 2135 1187 Sconam
2176 1140 2331 1187 Vobis

394 1231 677 1277 mandamus
723 1235 772 1275 et
817 1230 1106 1290 precipimus
1152 1234 1388 1288 quatenus
1434 1230 1616 1275 dictum
1663 1229 1847 1277 Lacum
1897 1231 2061 1278 taliter
2106 1230 2331 1278 custodiri

397 1323 582 1369 faciatis
620 1321 747 1382 quod
787 1320 948 1366 nullus
988 1317 1156 1380 piscari
1194 1318 1437 1380 presumat
1477 1321 1528 1366 in
1565 1321 1734 1366 eadem
1769 1318 1856 1366 nifi
1895 1323 2231 1368 tantummodo
2272 1323 2332 1368 ad

396 1412 534 1460 risum
569 1414 813 1474 proprium
849 1409 1175 1472 religiosorum
1212 1412 1422 1457 virorum
1458 1411 1645 1457 abbatis
1683 1417 1733 1457 et
1770 1416 2035 1458 conventus
2076 1413 2135 1459 de
2177 1412 2334 1460 Scona

397 1504 582 1551 Datum
616 1504 743 1565 apud
779 1502 1071 1549 Clacmanan
1105 1503 1242 1548 xxvi⁰
1276 1504 1353 1549 die
1386 1503 1550 1563 marcij
1582 1501 1730 1548 Anno
1763 1504 1898 1565 regni
1931 1501 2079 1549 nostri
2113 1501 2334 1551 vicefimo

394 1611 548 1656 prlmo
573 1623 582 1632 ·

396 1777 603 1839 Rogatio
628 1776 829 1823 Roberti
854 1776 1002 1838 Regis
1025 1777 1085 1823 de
1109 1776 1330 1838 lapicidio
1355 1778 1415 1824 de
1438 1776 1750 1838 Kynkarachi
1775 1785 1825 1825 et
1849 1778 2129 1827 Balcormoc
2153 1806 2163 1815 ·

272 1961 363 2004 143
398 1945 661 2008 Robertus
685 1960 762 2005 dei
796 1960 951 2021 gratia
972 1974 1058 2005 rex
1095 1957 1375 2005 Scottorum
1408 1956 1636 2022 religiofis
1660 1961 1772 2006 viris
1807 1961 1970 2007 abbati
2001 1967 2051 2008 et
2075 1965 2333 2010 conventui

398 2054 457 2099 de
490 2050 632 2098 scona
667 2050 853 2096 dilectis
895 2055 944 2096 et
979 2050 1201 2096 fidelibus
1236 2047 1331 2096 suis
1366 2048 1569 2096 salutem
1594 2050 1698 2098 Vos
1732 2067 1953 2114 rogamus
1995 2059 2231 2113 quatenus
2272 2057 2331 2102 ad

397 2142 674 2190 instantiam
697 2140 904 2188 nostram
941 2142 1204 2188 concedere
1228 2141 1388 2187 velitis
1422 2141 1668 2189 licentiam
1692 2144 1911 2204 capiendi
1939 2143 2121 2205 lapides
2144 2147 2195 2192 in
2217 2147 2334 2208 lapi-

399 2236 523 2282 cidio
548 2231 702 2280 vestro
735 2234 794 2279 de
828 2233 1124 2294 kynkarachi
1160 2238 1210 2278 et
1243 2232 1513 2279 balcormoc
1547 2249 1633 2294 pro
1668 2231 2019 2281 constructione
2054 2234 2251 2283 ecclefie
2276 2239 2335 2284 de

399 2327 539 2388 perth
563 2331 613 2372 et
636 2325 858 2385 pontium
882 2325 942 2370 de
964 2324 1106 2384 perth
1131 2328 1181 2369 et
1206 2323 1264 2369 de
1289 2323 1421 2384 Eryn
1452 2322 1532 2370 Ita
1555 2324 1682 2384 quod
1707 2325 1833 2371 di&a
1855 2325 2053 2372 licentia
2075 2342 2172 2373 non
2196 2329 2334 2375 cedat

400 2418 534 2463 vobis
568 2418 619 2462 in
655 2417 915 2476 dampnum
949 2421 1033 2461 aut
1067 2414 1385 2476 prejudicium
1421 2413 1604 2460 Datum
1644 2401 1994 2479 Apud'glascu
2035 2417 2219 2475 Quarto
2260 2420 2336 2469 die

399 2509 432 2556 J
437 2508 519 2555 ulii
545 2506 692 2555 Anno
717 2506 875 2568 Regni
899 2503 1044 2552 nostri
1069 2502 1290 2552 vicefimo
1314 2505 1459 2552 tertio
1484 2532 1494 2544 ·
