2982 4016
414 581 530 614 ΒΕΘ.
557 579 706 613 ALEX.
733 579 808 611 111.
968 566 1018 613 S.
1053 563 1450 613 TRINITATIS
1487 564 1579 612 DE
1615 563 1809 612 SCON.
2294 571 2353 620 79

412 787 558 835 Bulla
579 787 854 836 Innocentii
878 787 1008 850 Pape
1040 789 1100 836 de
1130 788 1427 836 relaxatione
1458 789 1738 850 penitentiae
1771 787 1964 836 illorum
1988 790 2071 852 qui
2103 788 2351 838 ecclesiam

412 880 474 926 de
498 879 655 927 Scona
678 878 996 927 anniversario
1021 881 1333 928 dedicationis
1358 880 1459 941 ejus
1482 876 1749 927 visitarunt.

288 1066 381 1109 114
419 1046 744 1110 Innocentius
767 1062 1031 1126 Episcopus
1054 1062 1215 1110 servus
1239 1062 1480 1110 servorum
1512 1063 1590 1110 dei
1615 1063 1801 1111 dilefitis
1824 1064 1935 1112 filiis
1957 1064 2145 1114 Abbati
2168 1072 2219 1114 et
2242 1083 2353 1115 con-

295 2808 385 2852 115

413 1157 581 1203 ventui
605 1156 665 1203 de
684 1155 844 1203 Scona
866 1156 1044 1202 ordinis
1064 1155 1229 1202 Sanffi
1246 1151 1509 1217 Augustini
1528 1153 1693 1202 Sanai
1711 1155 1910 1204 Andree
1934 1155 2132 1205 diocefis
2149 1156 2353 1207 salutem

413 1254 464 1295 et
487 1245 796 1310 apostolicam
818 1248 1206 1295 benediffionem
1231 1247 1371 1294 Licet
1393 1246 1485 1292 hiis
1509 1247 1568 1293 de
1593 1247 1728 1294 cuius
1755 1263 1956 1296 munere
1979 1251 2113 1297 venit
2135 1257 2192 1298 ut
2215 1248 2302 1299 fibi
2326 1269 2354 1299 a

411 1339 633 1386 fidelibus
654 1337 750 1385 suis
775 1339 918 1401 digne
953 1354 1008 1386 ac
1039 1338 1346 1385 laudabiliter
1363 1335 1595 1384 serviatur
1617 1338 1677 1385 de
1699 1339 2034 1389 habundancia
2055 1343 2249 1403 pietatis
2272 1342 2354 1390 sue

414 1447 509 1493 que
531 1431 705 1477 merita
718 1428 986 1492 supplicum
1010 1430 1204 1478 excedit
1228 1435 1278 1477 et
1296 1434 1410 1476 vota
1431 1429 1556 1475 bene
1574 1426 1890 1476 servientibus
1913 1431 2069 1479 multa
2081 1434 2262 1480 maiora
2284 1450 2356 1481 re-

411 1524 595 1570 tribuat
618 1537 763 1583 quam
786 1522 980 1569 valeant
1006 1523 1268 1584 promereri
1301 1519 1643 1568 nichilominus
1679 1527 1844 1567 tamen
1879 1518 2202 1572 desiderantes
2226 1525 2355 1573 Red-

412 1616 524 1662 dere
548 1615 744 1661 domino
766 1613 1001 1676 populum
1023 1613 1371 1675 acceptabilem
1392 1610 1564 1659 fideles
1591 1609 1767 1659 Christi
1799 1613 1860 1660 ad
1884 1613 2281 1676 complacendum
2312 1620 2355 1665 ei

411 1703 543 1769 quafi
566 1704 848 1768 quibusdam
882 1705 1105 1752 illefflvis
1128 1706 1323 1766 premiis
1346 1704 1661 1767 indulgentiis
1684 1704 1911 1752 videlicet
1935 1712 1986 1753 et
2008 1704 2356 1757 remiffionibus

411 1799 673 1846 invitamus
695 1803 752 1844 ut
775 1797 1041 1844 reddantur
1074 1796 1251 1844 exinde
1276 1796 1437 1843 divine
1471 1796 1631 1859 gracie
1654 1797 1862 1858 aptiores
1919 1797 2184 1860 Cupientes
2207 1801 2356 1863 igitur

412 1896 469 1938 ut
493 1887 692 1938 ecclefia
713 1887 871 1937 vestra
901 1890 952 1936 in
976 1881 1166 1936 honore
1191 1888 1367 1936 San&e
1390 1887 1638 1935 Trinitatis
1663 1893 1713 1934 et
1738 1887 1903 1935 Sanffl
1927 1888 2184 1938 Michaelis
2212 1900 2354 1954 prout

413 1964 874 2030 afferiturdedicata
897 1982 1118 2044 congruis
1152 1981 1412 2028 honoribus
1435 1980 1770 2041 frequentetur
1791 2005 1802 2015 ·
1827 1978 2065 2028 Omnibus
2088 1997 2200 2030 vere
2223 1986 2356 2045 peni-

413 2076 631 2122 tentibus
654 2079 706 2121 et
730 2070 948 2121 confeffis
972 2074 1051 2134 qui
1078 2070 1327 2120 ecclefiam
1354 2070 1503 2134 ipsam
1526 2073 1577 2118 in
1600 2070 1917 2119 anniversario
1941 2073 2019 2120 die
2042 2073 2355 2122 dedicationis

414 2163 559 2228 ipfius
593 2166 730 2212 annis
760 2161 957 2227 singulis
991 2164 1331 2212 venerabiliter
1364 2161 1603 2211 vifitarint
1638 2191 1648 2201 ·
1675 2164 2022 2226 omnipotentis
2060 2165 2138 2212 dei
2177 2165 2356 2214 miseri-

415 2259 576 2305 cordia
610 2263 661 2304 et
694 2257 946 2304 beatorum
977 2258 1102 2318 petri
1137 2262 1187 2303 et
1226 2256 1358 2318 pauli
1392 2252 1714 2317 apostolorum
1750 2256 1851 2316 ejus
1883 2257 2171 2304 au&oritate
2194 2256 2357 2305 confifi

415 2349 480 2396 xl.
521 2350 621 2396 dies
662 2349 721 2395 de
762 2348 977 2409 injunfim
1016 2344 1103 2394 fibi
1143 2348 1415 2409 penitentia
1450 2345 1820 2394 misericorditer
1858 2346 2130 2395 relaxamus
2172 2348 2357 2396 Datum

416 2439 602 2488 lateran
626 2441 675 2502 iij
701 2439 813 2486 non.
839 2439 1111 2486 novembris
1134 2439 1444 2501 pontificatus
1466 2435 1616 2485 nostri
1639 2438 1908 2485 undecimo.

418 2618 731 2666 Confirmatio
755 2618 1015 2666 Willielmi
1039 2616 1246 2680 episcopi
1271 2617 1435 2665 Sanffl
1459 2616 1657 2665 Andree
1681 2619 1740 2665 de
1764 2617 1988 2666 ecclefiis.

423 2788 691 2852 Univerfis
716 2799 894 2850 Christi
916 2802 1137 2849 fidelibus
1159 2802 1251 2849 hoc
1273 2799 1504 2863 scriptum
1526 2800 1694 2849 visuris
1717 2802 1796 2850 vel
1818 2803 2053 2850 audituris
2078 2802 2357 2851 Willelmus

419 2894 723 2944 miseratione
755 2895 917 2941 divina
939 2892 1201 2956 Episcopus
1236 2893 1402 2941 Sanffi
1424 2892 1623 2940 Andree
1657 2891 1860 2941 salutem
1887 2895 1938 2940 in
1962 2894 2154 2941 domino
2188 2892 2357 2956 sempi-

420 2994 611 3035 ternam
645 3013 656 3024 ·
689 2982 990 3033 univerfitati
1026 2991 1198 3033 notum
1237 2986 1438 3033 facimus
1478 2985 1606 3046 quod
1645 3000 1732 3031 nos
1769 2983 1948 3032 statum
1987 2982 2258 3047 monasterij
2297 2987 2355 3033 de

422 3078 581 3127 Scona
615 3094 677 3125 ex
713 3077 1006 3124 confluentia
1037 3074 1279 3139 hospitum
1312 3081 1485 3138 utpote
1517 3077 1570 3122 in
1599 3075 1871 3123 meditullio
1911 3075 2070 3138 Regni
2104 3074 2181 3124 fiti
2220 3075 2358 3125 mise-

392 3234 395 3238 *
421 3171 637 3219 rabiliter
667 3169 828 3217 afflieci
855 3174 907 3216 et
937 3169 1085 3215 etiam
1108 3183 1171 3215 ex
1192 3166 1461 3230 sumptibus
1492 3167 1670 3214 fabrice
1705 3163 1904 3214 ecclefie
1930 3165 2140 3229 ejusdem
2170 3173 2221 3216 et
2252 3169 2357 3216 aliis

422 3259 573 3311 caufis
608 3276 752 3323 quam
785 3259 1000 3322 pluribus
1034 3255 1166 3320 quafi
1199 3259 1260 3306 ad
1293 3258 1673 3305 exinanitionem
1708 3258 1901 3306 deduffl
1936 3260 2283 3322 compatientes
2307 3267 2357 3308 et
