2982 4016
343 1230 436 1272 112

473 555 587 589 ΒΕΘ.
604 555 753 589 ALEX.
770 555 845 588 111.
1020 542 1070 589 S.
1104 541 1500 590 TRINITATIS
1535 541 1628 589 DE
1664 540 1859 590 SCON.
2349 552 2407 597 75

473 674 532 721 de
555 670 664 735 ipfis
682 671 822 736 super
843 675 935 721 hoc
957 674 1111 722 habeo
1129 699 1140 711 ·
1159 673 1219 722 In
1243 675 1378 737 cujus
1397 674 1490 722 Rei
1507 671 1838 722 testimonium
1860 673 2069 737 presenti
2088 675 2260 739 scripto
2283 676 2408 741 figil-

469 765 572 811 lum
594 780 758 812 meum
782 763 976 828 apposui
999 791 1010 803 ·
1028 765 1213 814 Aetum
1235 767 1363 828 apud
1387 766 1594 814 Sconam
1618 767 1696 814 die
1718 766 1751 814 J
1754 768 1855 814 ovis
1871 768 2092 829 proxima
2108 766 2214 830 post
2232 767 2407 816 festum

469 855 599 904 beati
622 856 832 904 barnabe
855 856 1055 919 apostoli
1079 884 1090 896 ·
1115 856 1264 905 Anno
1287 858 1468 904 domini
1491 858 1567 912 00⁰
1590 885 1600 895 ·
1627 863 1699 905 oc⁰
1723 886 1733 896 ·
1759 858 1794 905 1⁰
1817 884 1827 894 ·
1852 857 2059 906 secundo

469 1038 615 1087 Bulla
638 1039 911 1088 Innocentii
937 1040 1067 1103 Pape
1091 1041 1152 1088 de
1174 1041 1263 1087 fori
1282 1040 1513 1088 clericalis
1536 1041 1800 1104 privilegio.

472 1207 800 1272 Innocentius
841 1222 1105 1286 Episcopus
1141 1221 1303 1270 servus
1336 1221 1578 1270 servorum
1613 1224 1691 1271 dei
1725 1250 1736 1261 ·
1772 1224 1961 1274 dilectis
1994 1226 2105 1273 filiis
2139 1226 2323 1274 Abbati
2358 1239 2408 1274 et

467 1316 612 1377 priori
636 1315 696 1362 de
719 1312 883 1362 Insula
903 1311 1143 1361 missarum
1168 1311 1539 1362 Dumblanenfis
1563 1312 1774 1376 dyocefis
1797 1314 2016 1364 Salutem
2035 1323 2084 1364 et
2102 1316 2408 1380 apostolicam

467 1405 852 1454 benedifi'cionem
892 1432 903 1443 ·
942 1406 1226 1452 dilectorum
1265 1405 1472 1452 filiorum
1508 1404 1718 1452 Abbatis
1759 1412 1810 1452 et
1847 1414 2112 1454 conventus
2152 1410 2211 1455 de
2252 1409 2409 1456 Scona

467 1498 646 1544 ordinis
670 1496 835 1545 Sanffl
858 1494 1119 1559 Augustini
1144 1496 1309 1544 Sanffl
1332 1496 1530 1543 Andree
1561 1494 1770 1558 dyocefis
1794 1498 2014 1559 precibus
2036 1499 2298 1561 benignum
2322 1502 2409 1546 im-

466 1590 730 1651 pertientes
753 1586 984 1635 affensum
1009 1589 1077 1635 eis
1100 1588 1386 1635 auotoritate
1410 1586 1658 1634 literarum
1692 1586 1959 1636 nostrarum
1994 1590 2220 1637 duximus
2254 1591 2410 1638 indul-

465 1681 678 1743 gendum
714 1684 772 1726 ut
806 1677 948 1741 super
981 1679 1122 1726 terris
1158 1684 1210 1725 et
1244 1678 1348 1725 aliis
1382 1679 1520 1725 bonis
1555 1677 1753 1727 ecclefie
1787 1679 1996 1742 ipsorum
2030 1698 2124 1742 que
2158 1683 2218 1729 ad
2253 1683 2409 1730 forum

467 1768 837 1819 ecclesiasticum
871 1771 1113 1833 pertinere
1146 1769 1409 1818 noscuntur
1442 1771 1503 1817 ad
1536 1768 1919 1832 respondendum
1942 1773 2019 1819 vel
2047 1773 2335 1836 litigandum
2358 1777 2407 1820 in

466 1864 598 1911 curia
619 1860 819 1910 seculari
843 1868 1011 1910 contra
1033 1863 1123 1909 fori
1146 1861 1378 1910 clericalis
1401 1861 1705 1924 privilegium
1729 1862 2031 1923 aliquatenus
2064 1865 2287 1926 compelli
2311 1882 2407 1912 non

465 1953 640 2018 poffint
665 1955 901 2011 Quocirca
923 1952 1198 2002 discretioni
1221 1951 1374 2002 vestre
1396 1969 1482 2015 per
1504 1950 1760 2015 apostolica
1793 1952 1967 2016 scripta
1990 1957 2271 2003 mandamus
2295 1973 2408 2017 qua-

466 2050 598 2095 tinus
621 2063 719 2095 non
747 2047 1041 2110 permittatis
1065 2046 1216 2093 di&os
1247 2046 1471 2093 abbatem
1506 2051 1557 2091 et
1591 2050 1883 2092 conventum
1907 2052 2075 2094 contra
2098 2046 2404 2094 conceffionis

467 2137 627 2187 nostre
650 2145 869 2187 tenorem
894 2136 1034 2200 super
1055 2138 1147 2184 hiis
1179 2138 1239 2184 ab
1269 2137 1508 2198 aliquibus
1542 2136 1758 2183 indebite
1790 2134 2031 2184 molestari
2067 2136 2406 2185 Molestatores

464 2229 735 2293 hujusmodi
770 2247 856 2293 per
889 2227 1136 2278 censuram
1159 2226 1522 2276 ecclefiasticam
1556 2227 1878 2289 appellatione
1910 2226 2167 2291 postpofita
2201 2230 2408 2292 compes-

467 2324 619 2372 cendo
655 2323 773 2370 Non
808 2320 1027 2370 obstante
1063 2319 1099 2368 fi
1136 2321 1374 2383 aliquibus
1410 2337 1439 2368 a
1474 2317 1583 2366 sede
1618 2317 1876 2381 apostolica
1909 2317 1967 2367 fit
2002 2320 2245 2368 indultum
2283 2323 2408 2382 quod

465 2415 870 2463 excommunicari
892 2411 1111 2476 suspendi
1136 2413 1214 2460 vel
1244 2413 1466 2460 interdici
1489 2427 1588 2458 non
1610 2409 1785 2473 poffint
1809 2427 1895 2474 per
1917 2411 2103 2459 litteras
2127 2410 2408 2474 apostolicas
2474 2447 2477 2449 -

465 2523 563 2554 non
600 2507 832 2555 facientes
870 2505 1065 2568 plenam
1104 2510 1156 2552 et
1195 2501 1459 2566 expressam
1500 2505 1560 2551 de
1597 2503 1742 2551 verbo
1781 2504 1841 2551 ad
1882 2503 2079 2550 verbum
2120 2504 2180 2550 de
2219 2505 2407 2551 indulto

461 2596 733 2662 hujusmodi
754 2599 1053 2646 mentionem
1078 2596 1263 2644 Datum
1287 2596 1510 2644 Lateran.
1546 2595 1595 2657 iij
1624 2595 1754 2642 Non.
1781 2595 2072 2642 Novembris
2096 2596 2405 2656 pontificatus

464 2688 613 2738 nostri
635 2689 783 2737 Anno
806 2690 1074 2736 undecimo.

469 2871 614 2919 Bulla
636 2871 911 2919 Innocentii
935 2870 1080 2932 Pape.

343 3060 435 3103 113
475 3040 800 3104 Innocentius
824 3051 1087 3114 Episcopus
1110 3050 1270 3099 servus
1288 3050 1530 3099 servorum
1554 3051 1631 3097 dei
1656 3049 1840 3097 dileffis
1864 3048 1974 3095 filiis
1997 3048 2181 3095 Abbati
2207 3032 2404 3123 ecclefie

471 3147 636 3196 Sanffi
677 3143 935 3192 Michaelis
978 3144 1038 3190 de
1082 3143 1241 3191 Scona
1275 3141 1470 3205 ejusque
1508 3142 1734 3189 fratribus
1774 3146 1876 3187 tam
1915 3138 2214 3202 presentibus
2261 3155 2403 3201 quam

470 3239 644 3287 futuris
678 3236 947 3299 regularem
980 3235 1130 3282 vitam
1164 3231 1377 3296 profeffis
1401 3233 1762 3294 Inperpetuum.
1833 3230 2122 3294 Religiosam
2147 3233 2295 3279 vitam
2320 3232 2404 3278 eli-

470 3330 697 3394 gentibus
722 3325 1032 3390 apostolicum
1058 3326 1285 3373 convenit
1308 3321 1460 3372 adeffe
1483 3320 1739 3385 prefidium
1757 3338 1819 3369 ne
1843 3322 1967 3370 forte
1991 3323 2189 3370 cuilibet
2214 3325 2404 3370 temeri-
