2982 4016
404 519 518 552 REG.
545 519 691 552 MALc.
953 505 1004 552 S.
1039 505 1434 555 TRINITATIS
1470 507 1562 556 DE
1597 508 1790 556 SGON.
2301 518 2328 562 9

402 637 616 684 Gouerin
650 642 751 682 tam
787 637 846 682 de
876 638 1109 683 comitatu
1144 652 1286 698 quam
1317 639 1376 685 de
1399 639 1560 701 regali*⁴
1580 655 1688 686 meo
1714 656 1910 686 necnon
1934 645 1984 687 et
2008 641 2239 689 decimam
2269 645 2327 689 de

401 728 623 773 omnibus
657 727 846 788 placitis
885 728 1005 773 meis
1040 732 1091 773 et
1126 729 1525 776 conuentionibus
1558 731 1609 776 in
1644 747 1758 778 auro
1794 737 1844 778 et
1878 738 2074 793 argento
2115 738 2165 778 et
2199 735 2328 779 omni

400 819 605 879 pecunia
643 819 703 864 de
742 818 910 864 eadem
951 817 1166 865 Gouerin
1232 817 1450 866 Testibus
1485 819 1744 882 Engelram
1783 822 2066 869 cancellario
2107 822 2326 870 Waltero

400 907 499 954 filio
523 907 671 955 Alani
696 908 908 970 dapifero
934 907 1173 955 Nicholao
1197 911 1455 956 camerario
1522 910 1670 972 Apud
1695 911 1940 958 Striuelin.

401 1090 548 1137 Carta
572 1090 825 1137 Malcolmi
850 1091 975 1152 regis
1000 1090 1060 1136 de
1084 1090 1237 1136 tribus
1261 1089 1511 1137 Ministris.

338 1277 366 1318 8
405 1259 718 1322 Malcolmus
742 1274 852 1321 Rex
875 1273 1133 1320 Scotorum
1168 1273 1390 1318 omnibus
1419 1274 1578 1333 probis
1609 1274 1880 1321 hominibus
1908 1277 2056 1322 totius
2087 1282 2212 1323 terre
2245 1276 2326 1323 sue

398 1365 601 1413 salutem
671 1366 845 1412 Sciatis
880 1380 959 1410 me
993 1360 1260 1411 conceffiffe
1298 1369 1348 1410 et
1376 1364 1464 1410 hac
1500 1379 1610 1410 mea
1640 1370 1771 1411 carta
1806 1363 2094 1412 confirmasse
2132 1367 2236 1412 Deo
2277 1373 2324 1413 et

400 1455 597 1504 ecclesie
629 1456 803 1503 Samite
836 1455 1085 1501 Trinitatis
1117 1456 1177 1501 de
1212 1454 1339 1502 Scon
1372 1460 1422 1500 et
1457 1455 1619 1501 abbati
1651 1460 1702 1501 et
1730 1457 1969 1502 canonicis
2008 1458 2184 1503 ibidem
2223 1457 2326 1503 Deo

398 1548 714 1596 seruientibus
748 1548 949 1594 liberam
977 1547 1223 1593 licentiam
1245 1545 1454 1592 habendi
1478 1546 1604 1606 apud
1628 1545 1755 1592 Scon
1779 1553 1875 1593 tres
1895 1545 2129 1594 ministros
2151 1546 2329 1594 scilicet

399 1655 543 1686 vnum
585 1641 773 1686 fabrum
815 1654 963 1685 vnum
1012 1638 1315 1699 pelliparium
1362 1642 1412 1683 et
1449 1653 1597 1683 vnum
1633 1637 1842 1684 sutorem
1916 1639 2044 1686 Volo
2080 1641 2241 1700 itaque
2280 1648 2329 1686 et

397 1731 600 1778 firmiter
631 1731 842 1792 precipio
879 1736 932 1776 vt
960 1730 1031 1776 illi
1063 1735 1161 1776 tres
1189 1725 1390 1774 ministri
1414 1729 1528 1774 dum
1560 1729 1610 1774 in
1647 1730 1981 1775 canonicorum
2013 1732 2328 1790 predi&orum

398 1820 696 1884 perstiterint
733 1823 928 1884 negotio
967 1827 1020 1867 et
1051 1820 1244 1867 seruitio
1285 1835 1476 1866 omnem
1516 1819 1789 1866 libertatem
1828 1825 1878 1866 et
1905 1793 2094 1866 omnem
2131 1820 2327 1867 liberam

396 1912 795 1962 consuetudinem
825 1913 1036 1960 habeant
1067 1913 1118 1958 in
1149 1891 1302 1973 burgo
1326 1917 1378 1957 et
1407 1916 1545 1957 extra
1572 1912 1776 1973 burgum
1805 1926 1920 1971 quas
1950 1910 2204 1972 burgenses
2232 1915 2326 1959 mei

402 2007 461 2053 de
487 2006 603 2052 Pert
626 2005 799 2051 melius
822 2004 1004 2050 habent
1027 2004 1077 2049 in
1101 2002 1251 2064 burgo
1286 2017 1393 2048 meo
1418 2003 1477 2048 de
1509 2001 1625 2047 Pert
1648 2001 1728 2047 uel
1752 2007 1890 2047 extra
1958 2001 2136 2048 Nullus
2165 2003 2327 2062 itaque

402 2111 691 2157 quemquam
715 2111 777 2142 ex
801 2096 869 2141 eis
892 2091 1065 2140 iniuste
1088 2092 1229 2154 supra
1250 2093 1341 2140 hoc
1366 2090 1599 2138 disturbet
1622 2097 1706 2139 aut
1730 2093 1968 2152 inquietet
1990 2090 2129 2152 super
2145 2093 2327 2139 firmam

402 2186 727 2235 defensionem
750 2202 909 2233 meam
981 2183 1200 2231 Testibus
1226 2184 1484 2246 Engelram
1508 2182 1790 2230 cancellario
1816 2181 2037 2228 Waltero
2060 2182 2158 2228 filio
2182 2181 2326 2229 Alani

405 2279 619 2340 dapifero
686 2277 835 2339 Apud
867 2276 1105 2323 Striuilin.

402 2461 550 2508 Carta
574 2459 827 2506 Malcolmi
849 2458 974 2520 regis
998 2458 1058 2504 de
1082 2438 1214 2504 curia
1237 2457 1469 2504 habenda.

339 2649 367 2695 9
404 2629 717 2692 Malcolmus
741 2642 850 2687 Rex
877 2641 1155 2688 Scottorum
1170 2637 1398 2701 episcopis
1416 2637 1666 2685 abbatibus
1690 2637 1922 2698 prioribus
1945 2636 2197 2683 comitibus
2220 2635 2323 2681 bar-

400 2736 572 2785 onibus
605 2731 807 2795 justiciis
846 2732 1209 2778 vicecomitibus
1248 2726 1497 2792 prepositis
1535 2725 1761 2773 ministris
1801 2727 1980 2773 cunetis
2026 2726 2128 2772 aliis
2164 2725 2321 2785 probis

400 2821 673 2872 hominibus
706 2824 858 2869 totius
887 2829 1015 2870 terre
1048 2820 1130 2868 sue
1165 2821 1360 2868 Francis
1384 2825 1434 2866 et
1459 2818 1631 2881 Anglis
1667 2817 1846 2864 Scottis
1878 2823 1928 2864 et
1953 2812 2320 2863 Galwelenfibus

400 2914 584 2962 clericis
608 2918 658 2960 et
682 2913 814 2958 laicis
836 2911 1038 2958 salutem
1095 2910 1269 2958 Sciatis
1291 2926 1370 2957 me
1393 2905 1657 2956 conceffiffe
1679 2913 1730 2954 et
1752 2908 1840 2954 hac
1862 2923 1969 2953 mea
1993 2911 2123 2952 carta
2155 2903 2322 2950 confir-

400 3002 544 3053 maffe
568 3004 675 3050 Deo
699 3010 750 3050 et
774 3000 971 3053 ecclesie
996 3001 1170 3049 Sanfite
1192 3001 1439 3048 Trinitatis
1464 3001 1523 3046 de
1558 2999 1685 3046 Scon
1720 3003 1769 3044 et
1806 2997 1965 3043 abbati
2000 3001 2050 3042 et
2083 2994 2320 3041 canonicis

399 3097 579 3144 ibidem
609 3094 714 3140 Deo
749 3083 1066 3139 seruientibus
1097 3092 1277 3138 curiam
1307 3090 1440 3138 suam
1473 3089 1740 3136 habendam
1768 3089 1818 3132 in
1850 3086 2008 3132 duello
2039 3087 2089 3132 in
2112 3086 2235 3131 ferro
2269 3086 2319 3130 in

401 3203 525 3249 aqua
547 3201 657 3232 cum
686 3183 908 3230 omnibus
929 3175 1233 3228 libertatibus
1256 3182 1316 3229 ad
1339 3181 1518 3228 curiam
1539 3176 1863 3239 religiosorum
1895 3174 2015 3222 iuste
2038 3177 2318 3237 pertinenti-

399 3279 490 3325 bus
514 3292 623 3324 cum
646 3276 869 3322 libertate
892 3271 1013 3319 nulli
1031 3270 1345 3333 respondendi
1370 3276 1506 3318 extra
1519 3269 1697 3316 curiam
1714 3266 1844 3314 suam
1859 3267 2094 3328 propriam
2141 3263 2318 3312 Nullus

1352 3374 1382 3406 B
