3054 4042
355 2017 375 2058 1
388 2016 461 2064 47.

489 534 604 568 Rue.
623 535 736 568 ROB.
754 536 786 568 1.
1033 521 1084 570 S.
1119 521 1513 572 TRINITATIS
1547 525 1641 574 DE
1676 526 1870 577 SCON.
2318 541 2411 589 107

488 649 764 698 Crumbocli
805 667 867 699 ex
906 658 992 713 pte
1037 652 1261 714 aq²lonali
1294 680 1557 693 ·······
1594 657 1722 704 Scon
1761 663 1855 720 qua
1893 658 2044 707 felicis
2082 664 2410 713 recordacbnis

486 739 594 788 Al'x
632 723 663 788 P
689 766 700 778 ·
728 767 739 779 ·
773 757 830 790 us
864 743 974 790 Rex
1006 743 1147 791 Scoc⁶
1180 749 1266 805 pat
1290 769 1562 783 ········
1599 748 1732 795 dedit
1763 775 1773 787 ·
1804 748 1947 797 Illam
1983 751 2136 812 scilicq,
2164 768 2256 813 que
2286 756 2410 802 iacet

487 833 716 895 contigua
751 849 813 880 ex
848 839 933 894 pte
967 833 1189 881 orientali
1228 815 1313 881 Pre
1343 835 1394 880 in
1428 850 1522 895 qua
1554 834 1733 885 fituatfi
1768 840 1861 886 fuit
1899 825 2118 888 mafiium
2158 844 2283 891 bone
2316 860 2414 891 me-

486 924 636 970 morie
673 921 823 971 Alex²
858 925 985 972 bone
1020 926 1252 972 memorie
1291 926 1483 986 quenda
1521 926 1724 974 Comitis
1765 931 1825 977 de
1864 930 2066 979 Buchan
2099 933 2276 996 anteqae
2312 934 2412 981 idm

498 1013 672 1061 Comes
708 1015 826 1062 fecit
861 1015 1100 1063 escambifl
1137 1020 1198 1062 cfr
1234 1014 1346 1062 Dfio
1383 1043 1393 1053 ·
1419 1040 1430 1052 ·
1454 1041 1465 1051 ·
1487 1032 1539 1063 re
1573 1041 1728 1057 ·····
1749 1035 1785 1079 p
1817 1002 1902 1069 pra
1925 1023 1975 1068 in
2002 1038 2096 1083 qua
2131 1022 2310 1072 fituatfi
2345 1024 2416 1072 est

484 1087 704 1151 maffium
742 1105 820 1151 dci
861 1105 1065 1152 Comitis
1099 1121 1196 1168 ppe
1232 1105 1504 1171 Drfimyog0
1538 1108 1676 1155 iuxta
1714 1109 1895 1158 flumen
1929 1113 1989 1159 de
2023 1112 2124 1177 Tay
2164 1140 2175 1151 ·
2213 1114 2413 1162 Tenend

484 1202 517 1240 ἢ
551 1192 657 1241 lind
689 1183 827 1258 {ideis
861 1194 994 1243 Abbi
1015 1204 1050 1243 “t
1072 1196 1305 1244 Canonic⁰
1339 1198 1576 1259 inppetufi
1610 1199 1729 1245 adeo
1764 1200 1862 1247 libe
1890 1228 1901 1239 ·
1934 1201 2062 1262 q'ete
2091 1228 2102 1240 ·
2131 1203 2343 1264 plenarie
2381 1215 2414 1252 ’ἲ

483 1285 673 1348 integre
710 1294 745 1333 ’ἲ
782 1286 1044 1335 honorifice
1081 1288 1099 1335 ἐ
1142 1287 1282 1335 Sicut
1320 1287 1454 1335 illam
1494 1288 1554 1334 de
1594 1286 1689 1334 diio
1730 1288 1865 1352 Rege
1905 1298 2040 1352 pater
2083 1309 2217 1341 meus
2256 1298 2415 1343 tenuit

483 1376 537 1423 ui
560 1376 731 1438 aliquis
764 1378 879 1425 baro
913 1376 1040 1441 aliqae
1060 1359 1194 1426 pram
1229 1379 1342 1426 dare
1375 1359 1512 1440 posit
1533 1381 1553 1424 i
1575 1394 1722 1440 regno
1759 1379 1927 1427 Scocie
1962 1381 2020 1428 In
2056 1384 2160 1429 cui9
2182 1385 2251 1431 rei
2284 1384 2415 1432 testi-

483 1468 651 1514 monifi
673 1455 833 1531 fisenti
857 1468 1022 1530 Sc²pto
1044 1476 1078 1515 *t
1102 1474 1233 1516 carte
1258 1468 1432 1532 Sigillfi
1455 1474 1570 1516 mesi
1593 1469 1788 1531 apposui
1811 1495 1822 1507 ·
1845 1468 2031 1532 Testib3
2054 1473 2159 1519 dfiis
2183 1500 2194 1511 ·
2221 1474 2382 1522 Robto
2405 1503 2415 1511 ·

485 1557 598 1605 Pet⁰
631 1558 692 1605 de
725 1558 912 1622 fang-fos
945 1568 978 1606 Qt
1011 1557 1140 1607 Johe
1173 1560 1273 1606 filio
1306 1561 1510 1623 hugonis
1545 1560 1750 1610 ortolani
1785 1562 2045 1624 capellanis
2078 1587 2088 1600 ·
2123 1564 2285 1612 Robto
2325 1567 2414 1613 dco

479 1649 666 1711 lupello
689 1676 701 1688 ·
727 1649 950 1698 Gilberto
973 1651 1053 1698 bel
1077 1639 1276 1716 armiffis
1298 1660 1332 1698 01:
1353 1651 1489 1699 mitis
1512 1651 1617 1714 alijs
1642 1676 1653 1690 ·

483 1830 631 1880 Bulla
652 1831 919 1881 Clementis
940 1847 1064 1895 pape
1087 1833 1147 1880 de
1169 1834 1466 1894 proteffione
1490 1857 1502 1870 ·

490 1998 735 2064 Clemens
758 2014 845 2079 eps
866 2014 1030 2064 seruus
1053 2015 1225 2074 serum}
1245 2016 1322 2063 dei
1340 2014 1541 2062 Dileffis
1557 2014 1667 2062 filiis
1690 2014 1875 2063 Abbati
1893 2021 1944 2063 et
1960 2019 2222 2065 conuentui
2244 2019 2421 2067 ‹nonas-

485 2107 593 2169 terij
618 2107 678 2154 de
701 2106 861 2155 Scona
882 2108 1061 2155 ordinis
1082 2106 1228 2155 sanffi
1251 2103 1512 2169 Augustini
1536 2105 1876 2154 Sanffia'ndree
1899 2107 2008 2154 dioc
2025 2106 2130 2155 Sal}
2148 2114 2198 2155 et
2220 2109 2421 2170 aplicam

485 2198 580 2245 befi
602 2223 614 2235 ·
638 2197 763 2245 Cum
786 2214 815 2245 a
835 2199 973 2246 nobis
995 2200 1179 2261 petitur
1201 2198 1330 2259 quod
1362 2194 1541 2243 iustum
1565 2194 1636 2243 est
1659 2203 1710 2244 et
1731 2195 1986 2244 honestum
2012 2204 2114 2246 tam
2137 2200 2271 2262 uigor
2293 2203 2422 2261 equi-

485 2290 601 2336 tatis
636 2305 782 2350 quam
815 2291 930 2337 ordo
965 2291 1118 2353 exigit
1151 2290 1352 2337 rationis·
1383 2294 1440 2334 ut
1473 2288 1524 2334 id
1557 2303 1643 2349 per
1675 2286 2048 2337 sollicitudinem
2082 2290 2220 2352 officij
2255 2292 2331 2337 nri
2364 2292 2422 2338 ad

486 2381 705 2427 debitum
727 2382 1017 2443 perducatur
1039 2381 1212 2429 effebiu‘i
1236 2408 1247 2419 ·
1268 2380 1342 2428 Ea
1363 2384 1559 2441 propter
1582 2378 1745 2427 dilecti
1768 2380 1819 2426 in
1843 2380 2037 2427 domino
2059 2381 2144 2443 filij
2168 2382 2268 2428 uris
2290 2381 2422 2428 iustis

484 2466 851 2534 p‘ostulationibq,
871 2479 1009 2535 grato
1033 2477 1371 2520 concurrentes
1394 2471 1468 2521 aff
1463 2470 1572 2518 ensu
1595 2468 1818 2532 personas
1845 2476 1956 2518 uras
1991 2476 2042 2519 et
2075 2472 2236 2520 locum
2257 2474 2308 2520 in
2330 2489 2423 2534 quo

486 2563 650 2610 diuino
684 2560 796 2610 estis
828 2561 1052 2625 obsequio
1092 2564 1353 2625 mancipati
1387 2579 1499 2612 cum
1536 2561 1724 2622 omnibq,
1754 2562 1892 2608 bonis
1932 2577 2026 2623 que
2066 2564 2117 2609 in
2150 2551 2420 2625 presentiau

484 2654 835 2702 rationabiliter
864 2652 1107 2717 poffidetis
1138 2660 1224 2702 aut
1258 2656 1309 2702 in
1344 2655 1563 2703 futurum
1602 2649 1738 2699 iustis
1771 2653 1925 2699 modis
1958 2650 2200 2714 prestante
2231 2655 2421 2700 domino

483 2747 703 2807 poteritis
726 2744 918 2808 adipisci
942 2745 1028 2794 sub
1050 2746 1179 2794 beati
1202 2745 1338 2794 Petri
1361 2752 1412 2793 et
1435 2751 1524 2793 nra
1544 2744 1839 2807 proteffione
1861 2741 2136 2804 susci-pimus
2158 2742 2422 2805 specialiter

485 2842 650 2884 autem
673 2838 880 2886 decimas
901 2834 1199 2900 pofl'effiones
1223 2838 1388 2884 domos
1410 2842 1548 2899 prata
1564 2833 1737 2897 pascua
1753 2849 1948 2881 nemora
1963 2832 2181 2896 piscarias
2202 2835 2418 2896 grangias

486 2933 536 2976 et
570 2928 664 2975 alia
696 2929 824 2976 bona
855 2933 944 2976 ura
975 2925 1097 2976 ficut
1121 2944 1179 2976 ea
1200 2930 1362 2976 omnia
1383 2926 1506 2975 iuste
1541 2932 1592 2975 et
1625 2926 1819 2988 pacifice
1841 2921 2082 2986 poffidetis
2105 2925 2239 2971 uobis
2263 2930 2313 2970 et
2335 2940 2419 2985 per

454 3014 456 3016 ’
485 3035 573 3067 uos
596 3020 753 3067 eidem
775 3016 1054 3068 monasterio
1078 3019 1364 3066 au&oritate
1398 3018 1553 3080 aplica
1587 3016 1891 3064 confirmam9
1923 3020 1972 3062 et
2004 3011 2235 3076 presentis
2258 3012 2416 3075 scripti
2513 3066 2517 3070 ,

485 3111 749 3173 patrocinio
784 3111 1086 3158 comunimus
1121 3109 1252 3158 salua
1285 3111 1337 3157 in
1371 3107 1598 3172 predicffis
1635 3107 1831 3154 decimis
1868 3105 2194 3152 moderatione
2231 3104 2415 3165 concilij

485 3202 720 3266 generalis
744 3229 755 3240 ·
777 3201 918 3249 Nulli
942 3217 1054 3265 ergo
1078 3202 1273 3248 omnino
1296 3201 1547 3247 hominum
1570 3198 1714 3244 liceat
1735 3196 1858 3243 hanc
1880 3195 2101 3257 paginam
2123 3199 2211 3242 ure
2233 3200 2417 3256 protec-

485 3294 630 3341 tionis
654 3299 704 3342 et
728 3293 1100 3342 confirmationis
1123 3293 1380 3355 infringere
1402 3290 1456 3337 ui
1479 3290 1523 3338 ei
1547 3285 1662 3336 ausu
1684 3286 1936 3335 temerario
1961 3285 2197 3333 contraire
2221 3312 2231 3323 -
2259 3284 2416 3346 Siquis
