3002 4030
1310 330 1354 373 ‘¹

627 459 723 545 ¹188
1308 499 1516 546 LIBER
1551 499 1880 548 EOCLESIE
2359 518 2459 551 sne.
2477 518 2562 551 xv.

626 629 754 675 inter
779 630 1019 689 quondam
1053 626 1265 675 nostrum
1300 626 1704 690 consanguineum
1737 629 1770 676 J
1773 631 2011 678 ohannem
2046 632 2294 680 dominum
2328 634 2563 696 glammys

627 725 678 765 et
700 719 850 766 dictos
873 719 1118 766 Abbatem
1142 724 1193 765 et
1216 724 1510 765 conuentum
1545 734 1692 779 penes
1715 726 1870 767 certas
1893 727 2045 768 terras
2068 728 2119 768 et
2141 738 2325 770 annuos
2347 725 2562 771 redditus

626 808 708 856 dat
749 816 800 856 et
839 806 1118 856 elemofinat
1162 823 1249 868 per
1287 808 1468 854 di&um
1510 810 1750 870 quondam
1788 810 1821 856 J
1824 811 2062 859 ohannem
2103 814 2241 859 diais
2281 813 2463 862 Abbati
2511 822 2561 861 et

626 900 887 947 conuentui
916 898 991 961 [ut
992 898 1162 965 supra,
1187 896 1309 958 211]
1338 898 1403 944 Et
1436 900 1635 946 terciam
1659 915 1775 946 uero
1798 899 2011 948 litteram
2035 903 2095 949 de
2118 902 2400 963 quibusdam
2423 906 2562 950 terris

625 990 838 1036 willelmi
872 988 1031 1036 scoule
1070 986 1315 1051 burgenfis
1355 989 1415 1035 de
1458 989 1605 1035 Perth
1647 991 1794 1036 annui
1834 992 2052 1039 redditus
2091 999 2296 1053 quatuor
2335 993 2561 1040 librarum

624 1097 710 1142 per
742 1081 981 1142 prefatum
1013 1078 1260 1126 Abbatem
1287 1077 1659 1140 ¹conquestarum
1691 1087 1742 1127 et
1777 1080 1930 1127 officio
1954 1080 2160 1129 Sacriste
2183 1098 2479 1129 annexarum
2503 1084 2563 1130 de

623 1171 850 1218 mandato
861 1168 1022 1217 nostro
1033 1169 1152 1217 visas
1164 1170 1309 1217 le&as
1321 1168 1553 1230 inspefizas
1564 1176 1614 1216 et
1629 1170 1886 1232 diligenter
1899 1173 2196 1219 examinatas
2208 1172 2342 1219 sanas
2354 1174 2563 1235 integras

622 1278 718 1309 non
742 1261 865 1308 rasas
888 1277 985 1308 non
1008 1261 1296 1308 cancellatas
1319 1276 1408 1307 nec
1442 1262 1492 1306 in
1527 1261 1763 1321 aliquibus
1797 1260 1985 1309 suarum
2009 1264 2224 1323 partibus
2245 1261 2480 1324 suspe&as
2502 1265 2562 1310 ad

621 1354 819 1415 plenum
848 1349 1135 1399 intellexisse
1171 1351 1328 1398 Tenor
1360 1366 1474 1397 uero
1511 1352 1679 1411 quinte
1716 1352 1856 1398 litere
1887 1350 2103 1413 sequitur
2125 1351 2210 1400 sub
2246 1354 2335 1400 hac
2357 1353 2526 1400 fforma
2549 1380 2559 1391 ·

621 1443 861 1490 Omnibus
883 1443 1007 1490 hanc
1039 1448 1220 1489 cartam
1245 1441 1411 1488 visuris
1430 1441 1515 1489 uel
1539 1442 1773 1489 audituris
1802 1442 2081 1490 Willelmus
2105 1442 2291 1490 Scowle
2315 1442 2559 1506 burgensis

621 1536 759 1597 burgi
793 1536 854 1581 de
886 1534 1027 1596 perth
1063 1538 1278 1580 eternam
1311 1533 1361 1578 in
1397 1533 1590 1578 domino
1623 1532 1840 1580 Salutem
1880 1533 2054 1581 Sciatis
2087 1550 2166 1580 me
2201 1536 2249 1581 in
2285 1535 2477 1582 laudem
2509 1543 2560 1582 et

620 1626 850 1672 honorem
886 1626 963 1671 dei
1000 1624 1344 1684 omnipotentis
1385 1629 1435 1669 et
1481 1620 1745 1671 beatiffime
1789 1626 2033 1686 genitricis
2072 1623 2155 1671 sue
2200 1628 2348 1672 marie
2395 1627 2557 1673 Sanffi

621 1716 878 1764 Michaelis
912 1714 1185 1776 archangeli
1209 1730 1263 1761 ac
1288 1714 1503 1760 omnium
1538 1714 1717 1760 ciuium
1741 1713 2049 1775 supernorum
2085 1713 2258 1763 dediffe
2292 1713 2560 1763 concefflss'e

620 1815 671 1855 et
706 1810 1061 1868 imperpetuum
1100 1802 1387 1852 transtulifl'e
1426 1805 1473 1849 in
1516 1818 1684 1864 puram
1719 1810 1770 1849 et
1803 1811 2085 1864 perpetuam
2126 1802 2432 1852 elemosinam
2473 1821 2558 1867 pro

621 1900 775 1946 salute
815 1899 974 1945 anime
1018 1912 1126 1944 mee
1167 1895 1541 1943 Venerabilibus
1586 1900 1636 1941 et
1682 1891 1934 1955 Religiofis
1980 1896 2092 1941 viris
2137 1895 2330 1942 domino
2375 1895 2558 1942 Thome

620 1990 805 2036 Abbati
836 1986 1108 2035 monasterii
1131 1987 1192 2033 de
1215 1985 1374 2033 Scona
1407 1992 1458 2032 et
1492 1983 1699 2046 ejusdem
1735 1985 1827 2031 loci
1863 1987 2122 2032 conventui
2147 1993 2353 2046 quatuor
2374 2001 2557 2034 mercas

621 2082 767 2127 annui
806 2080 1021 2127 redditus
1061 2077 1287 2124 levandas
1333 2083 1383 2123 et
1428 2077 1757 2137 percipiendas
1802 2078 2050 2123 annuatim
2097 2078 2158 2123 de
2204 2084 2332 2124 terra
2376 2077 2558 2125 Thome

622 2172 805 2219 Baxter
820 2171 1016 2232 jacente
1039 2171 1089 2215 in
1113 2170 1219 2215 vico
1241 2166 1410 2214 boriali
1435 2167 1546 2213 (11ἃί
1577 2167 1715 2228 burgi
1739 2183 1800 2215 ex
1824 2172 1959 2228 parte
1983 2164 2174 2214 australi
2199 2165 2409 2229 ejiffdem
2433 2170 2559 2215 inter

622 2270 798 2310 terram
837 2277 995 2309 meam
1030 2260 1267 2322 propriam
1303 2274 1365 2305 ex
1399 2257 1687 2305 occidentali
1721 2263 1772 2303 et
1807 2263 1984 2304 terram
2021 2257 2230 2304 Gilberti
2266 2257 2461 2304 Broune
2496 2275 2556 2305 ex

623 2353 843 2400 orientali
868 2352 1075 2398 Necnon
1110 2351 1228 2397 duas
1262 2364 1444 2396 mercas
1479 2350 1625 2395 annui
1659 2348 1881 2431 reddit*
1899 2349 1959 2394 (16
1982 2348 2067 2395 illa
2089 2354 2218 2395 terra
2239 2364 2348 2396 mea
2372 2350 2555 2410 jacenti

622 2446 672 2490 in
696 2444 822 2490 dicto
846 2445 950 2490 vico
973 2458 1035 2488 ex
1058 2447 1193 2503 parte
1217 2440 1384 2487 boriali
1403 2438 1612 2501 ejusdem
1631 2439 1758 2485 inter
1780 2444 1955 2485 terram
1979 2438 2011 2485 J
2014 2439 2214 2485 ohannis
2231 2439 2558 2500 phairwedder

623 2533 810 2596 pistoris
832 2549 893 2581 ex
917 2531 1199 2580 occidentali
1226 2538 1276 2578 et
1300 2537 1475 2577 terram
1500 2529 1740 2591 quondam
1767 2528 2006 2576 Willelmi
2042 2529 2214 2576 Bunch
2249 2545 2311 2576 ex
2335 2531 2554 2577 orientali

623 2622 824 2672 Tenend
847 2630 898 2671 et
921 2621 1113 2670 habend
1136 2623 1283 2668 dictas
1305 2620 1387 2667 sex
1410 2635 1593 2666 mercas
1616 2620 1762 2666 annui
1794 2620 2009 2666 redditus
2033 2620 2093 2665 de
2117 2620 2255 2666 terris
2278 2618 2556 2680 supradictis

623 2717 846 2778 prediffls
891 2715 1084 2761 domino
1129 2712 1313 2759 Abbati
1359 2718 1410 2757 et
1444 2711 1702 2757 conventui
1747 2726 1802 2757 ac
1837 2709 1930 2756 suis
1964 2707 2299 2757 successoribus
2332 2726 2361 2756 a
2393 2726 2472 2757 me
2507 2719 2557 2758 et
2639 2763 2641 2766 Α

624 2807 880 2855 heredibus
900 2806 1022 2852 meis
1053 2784 1341 2862 defflmino
1374 2799 1534 2848 nostro
1570 2801 1704 2863 Rege
1737 2802 1788 2847 in
1823 2801 1963 2848 feodo
1997 2807 2047 2847 et
2081 2801 2350 2848 hereditate
2384 2803 2557 2863 imper-

626 2906 830 2961 petuum
853 2898 1002 2944 libere
1025 2866 1188 2956 quiete
1209 2895 1334 2941 bene
1358 2899 1408 2940 et
1431 2895 1480 2939 in
1504 2908 1621 2954 pace
1644 2907 1754 2938 cum
1786 2892 2007 2938 omnibus
2031 2898 2082 2938 et
2106 2889 2300 2954 fingulis
2323 2892 2558 2940 libertati-

628 2991 719 3037 bus
733 2987 1154 3037 commoditatibus
1167 2991 1218 3033 et
1236 2983 1507 3033 afiamentis
1525 2999 1580 3030 ac
1589 2981 1730 3044 justis
1747 2981 1841 3029 suis
1859 2983 2168 3043 pertinenciis
2182 2981 2556 3043 quibuscumque

630 3090 732 3129 tam
770 3081 966 3127 liberius
1001 3079 1209 3139 quietius
1242 3040 1476 3138 integfl‘us
1495 3079 1560 3120 ⁷>et
1594 3073 1981 3120 honorificentius
2014 3070 2134 3120 ficut
2167 3073 2340 3134 aliquis
2371 3090 2558 3122 annuus

631 3174 846 3221 redditus
868 3171 992 3217 infra
1015 3169 1239 3231 Regnum
1263 3167 1432 3214 Scocie
1455 3166 1738 3225 cuicumque
1771 3161 2055 3211 monasterio
2089 3179 2174 3225 per
2207 3178 2557 3226 quemcumque

631 3268 773 3314 datur
794 3263 1072 3312 conceditur
1092 3260 1174 3308 seu
1197 3255 1502 3320 quovismodo
1525 3251 1783 3317 poffidetur
1817 3252 1883 3300 Et
1916 3269 2005 3316 ego
2028 3254 2181 3301 diaus
2205 3253 2483 3304 Willelmus
2506 3266 2556 3305 et
