3002 4030
501 2710 608 2752 ⁶221.

646 500 737 549 190
1018 502 1020 504 ’
1329 498 1537 546 LIBER
1572 496 1900 545 ECCLESIE
2367 511 2467 544 sse.
2488 510 2573 543 xv.

643 630 943 689 querelarum
984 638 1036 677 et
1075 631 1134 678 ad
1176 628 1462 677 decisionem
1501 626 1747 676 causarum
1784 625 2052 689 specialiter
2087 627 2252 675 elefitis
2287 626 2347 674 In
2382 628 2578 688 querela

643 726 775 766 mota
797 726 848 765 et
872 718 1088 782 expofita
1109 735 1194 780 per
1213 718 1556 766 Venerabilem
1580 723 1767 779 patrem
1790 718 1840 764 in
1864 715 2052 764 Christo
2074 717 2307 765 Thomam
2330 717 2577 765 Abbatem

643 812 703 857 de
732 811 890 858 Scona
922 825 1008 871 pro
1031 809 1080 855 se
1114 816 1165 855 et
1200 809 1458 855 Conventu
1492 807 1576 855 suo
1610 815 1778 855 contra
1811 808 2058 855 Andream
2092 808 2338 855 dominum
2373 808 2504 870 Gray
2527 815 2578 855 et

646 900 891 947 Andream
933 899 1112 962 Ogilby
1135 900 1194 945 de
1230 898 1543 960 Inchmertyn
1578 899 1783 946 militem
1819 900 1879 945 de
1914 905 1964 946 et
1998 898 2137 960 super
2159 897 2394 945 solutione
2428 897 2580 960 cujus-

646 993 754 1038 dam
792 1006 910 1037 cane
946 990 1110 1036 debite
1145 991 1395 1037 annuatim
1434 990 1631 1050 prefatis
1668 990 1862 1035 domino
1899 988 2083 1035 Abbati
2118 995 2169 1035 et
2208 987 2481 1034 Conventui
2520 989 2581 1034 de

647 1082 805 1128 Scona
827 1082 887 1127 de
910 1081 1050 1127 terris
1073 1081 1132 1127 de
1156 1079 1469 1142 Inchmertyn
1493 1080 1678 1141 prefato
1714 1080 1907 1125 domino
1931 1078 2128 1126 Abbate
2151 1076 2382 1126 afferente
2405 1078 2580 1125 di&am

645 1186 812 1218 canam
848 1186 944 1217 non
980 1168 1073 1218 effe
1106 1169 1311 1217 solutam
1347 1172 1407 1217 de
1441 1168 1694 1216 sufficienti
1719 1169 1963 1216 frumento
1986 1171 2011 1216 ἔ
2036 1169 2096 1216 (10
2131 1170 2356 1216 zizanniis
2391 1175 2441 1215 et
2475 1168 2580 1215 aliis

647 1262 980 1308 Immundiciis
1021 1267 1072 1307 et
1113 1261 1375 1307 Inutilibus
1409 1258 1668 1307 seminibus
1711 1260 1861 1306 Prout
1901 1260 2030 1306 idem
2071 1260 2292 1306 dominus
2317 1259 2484 1306 Abbas
2520 1259 2579 1305 ad

646 1352 839 1398 oculum
881 1352 1049 1399 eadem
1090 1350 1292 1398 Inutilia
1336 1351 1534 1398 Semina
1578 1366 1736 1397 coram
1783 1351 1980 1411 prefatis
2020 1351 2224 1396 dominis
2264 1349 2581 1396 Auditoribus

648 1440 929 1490 ostendebat
954 1442 1099 1489 Unde
1122 1443 1295 1503 prefati
1329 1443 1509 1488 domini
1545 1442 1786 1488 auditores
1820 1442 1995 1488 auditis
2023 1442 2136 1488 (11ἃί
2171 1442 2349 1487 domini
2374 1440 2582 1487 Abbatis

648 1539 698 1579 et
722 1533 835 1578 dicti
859 1533 1040 1578 domini
1065 1532 1262 1579 Andree
1285 1533 1346 1578 de
1378 1531 1557 1593 Ogilby
1579 1547 1664 1592 pro
1686 1529 1735 1578 se
1757 1547 1946 1578 necnon
1969 1531 2167 1578 Andree
2190 1531 2320 1593 Gray
2344 1532 2404 1578 de
2426 1546 2583 1578 mure-

647 1630 767 1669 toun
807 1623 1125 1683 procuratoris
1163 1622 1337 1683 prefati
1373 1621 1571 1668 Andree
1605 1622 1786 1668 domini
1821 1622 1867 1669 le
1902 1621 2032 1683 Gray
2071 1622 2436 1684 allegationibus
2475 1618 2582 1668 vifis

648 1715 794 1759 etiam
818 1711 1097 1773 quibusdam
1122 1712 1297 1759 litteris
1331 1713 1473 1775 regiis
1506 1727 1592 1773 pro
1625 1718 1762 1773 parte
1796 1710 2006 1773 ejusdem
2041 1713 2222 1759 domini
2246 1711 2453 1759 Abbatis
2475 1727 2582 1773 pro-
2664 1720 2674 1731 ‘

648 1805 801 1850 duais
836 1811 887 1850 et
922 1803 1027 1850 aliis
1060 1802 1260 1849 Juribus
1294 1808 1345 1849 et
1378 1803 1691 1849 munimentis
1714 1801 1810 1849 suis
1843 1809 2032 1850 mature
2066 1801 2231 1850 avisati
2265 1803 2581 1849 decreverunt

649 1894 775 1952 quod
799 1892 984 1953 prefata
1006 1907 1127 1939 cana
1158 1892 1303 1939 debet
1336 1889 1623 1939 monasterio
1657 1893 1718 1939 de
1752 1891 1910 1940 Seona
1941 1893 2002 1940 de
2037 1893 2173 1940 diffie
2195 1894 2335 1939 terris
2358 1893 2418 1938 de
2442 1891 2583 1938 Inch-

648 1990 839 2044 mertyn
874 1984 1123 2030 annuatim
1157 1981 1359 2043 persolvi
1394 1983 1454 2028 de
1487 1983 1615 2029 bono
1648 1988 1699 2029 et
1722 1982 1973 2030 sufficienti
1996 1983 2238 2029 frumento
2261 1983 2423 2031 debite
2445 1997 2584 2028 mun-

650 2074 762 2120 dato
785 2073 1189 2134 quemadmodum
1225 2079 1276 2119 et
1309 2079 1453 2134 prout
1476 2073 1774 2120 frumentum
1809 2074 1937 2134 quod
1971 2073 2184 2120 defertur
2216 2073 2458 2119 communi
2481 2072 2583 2120 foro

650 2165 955 2211 vendendum
991 2169 1272 2225 preparatur
1294 2170 1346 2210 et
1368 2164 1630 2209 mundatur
1652 2162 1838 2210 Datum
1861 2169 1913 2210 et
1935 2164 2206 2210 extraaum
2230 2163 2291 2209 de
2313 2162 2435 2209 libro
2457 2163 2583 2209 adzo-

651 2269 756 2300 rum
797 2270 883 2315 per
915 2269 994 2300 me
1030 2253 1323 2301 Nicholaum
1356 2254 1622 2315 predi&um
1656 2252 1743 2300 sub
1784 2253 1953 2316 sigillo
1988 2269 2082 2314 quo
2117 2255 2168 2299 in
2207 2250 2438 2300 fimilibus
2473 2258 2584 2298 utor

650 2351 702 2390 et
726 2342 1084 2405 Subscriptione
1106 2343 1318 2391 manuali
1341 2343 1489 2390 Anno
1513 2344 1590 2390 die
1613 2341 1761 2390 menfi
1786 2349 1837 2391 et
1859 2344 1965 2391 loco
1987 2343 2263 2405 supradietis
2287 2370 2298 2380 ·

653 2524 1034 2573 Instrumentum
1057 2525 1304 2586 publicum
1327 2540 1413 2586 pro
1435 2524 1677 2572 solucione
1700 2540 1819 2572 cane
1841 2526 1902 2571 de
1924 2526 2063 2572 terris
2086 2525 2147 2571 de
2170 2524 2482 2584 Inchmertyn
2505 2548 2516 2559 ·

661 2692 733 2755 In
756 2708 835 2754 dei
857 2707 1052 2754 nomine
1074 2706 1237 2753 Amen
1260 2705 1407 2752 Anno
1425 2706 1485 2753 ab
1508 2707 1834 2753 incarnatione
1857 2704 2067 2766 ejusdem
2090 2703 2341 2752 millefimo
2363 2705 2584 2765 quadrin-

652 2795 917 2860 gentefimo
940 2794 1328 2859 quinquagesimo
1351 2795 1486 2843 sexto
1520 2794 1694 2843 menfis
1716 2770 2074 2843 verofebruarii
2109 2797 2186 2842 die
2208 2794 2411 2857 septima
2436 2795 2584 2841 indic-

654 2890 786 2935 tione
821 2889 990 2949 quinta
1021 2888 1329 2948 pontificatus
1351 2883 1622 2933 sanffiffimi
1655 2888 1706 2932 in
1740 2884 1927 2933 Christo
1960 2887 2109 2947 patris
2143 2902 2198 2933 ac
2233 2886 2412 2932 domini
2440 2883 2584 2931 nostri

656 2980 836 3025 domini
859 2976 1024 3026 Calisti
1057 2979 1219 3024 divina
1248 2977 1556 3038 providencia
1580 2992 1703 3038 pape
1725 2977 1858 3023 tertii
1880 2975 2028 3023 Anno
2065 2955 2285 3024 Secundo
2307 2978 2358 3023 in
2387 2973 2584 3022 seffione

656 3069 847 3130 publica
890 3075 1028 3115 tenta
1073 3068 1221 3130 Apud
1266 3068 1514 3131 Burgum
1530 3069 1590 3114 de
1635 3067 1785 3114 Perth
1829 3069 1880 3113 in
1923 3069 2132 3129 pretorio
2171 3066 2380 3129 ejusdem
2426 3081 2583 3114 coram

656 3160 928 3206 reverendis
950 3157 1393 3220 venerabilibusque
1415 3158 1630 3220 patribus
1651 3159 1702 3205 in
1726 3156 1914 3205 Christo
1937 3164 1988 3205 et
2011 3158 2215 3205 dominis
2248 3158 2430 3205 Thoma
2453 3155 2585 3219 Epis-

626 3261 630 3265 ’
658 3265 776 3309 copo
812 3248 1145 3297 Dunkeldenfi
1176 3275 1187 3286 ·
1217 3249 1481 3297 Malcolmo
1517 3256 1568 3297 et
1598 3249 1631 3297 J
1633 3250 1820 3297 ohanne
1843 3250 1903 3296 de
1925 3248 2249 3297 Abirbrothoc
2272 3254 2323 3297 et
2347 3248 2584 3296 Lundoris
