2982 4016
321 947 381 989 48

332 2956 392 3000 49

413 546 527 602 Rue,
555 547 666 580 W1L.
964 534 1012 581 S.
1048 535 1443 585 TRINITATIS
1479 535 1571 582 DE
1606 536 1800 584 SCON.
2279 547 2333 588 31

415 754 728 803 Confirmatio
753 756 947 804 Ricardi
972 758 1176 820 episcopi
1203 758 1365 806 Sancti
1388 759 1586 807 Andree
1612 761 1670 807 de
1695 758 1904 807 ecclefiis
1928 766 2018 807 etc.

417 923 671 988 Ricardus
709 942 787 988 dei
824 943 980 1004 gratia
1014 939 1211 989 ecclefie
1245 943 1375 989 beati
1398 942 1597 989 Andree
1631 942 1825 989 humilis
1858 940 2075 990 minister
2100 942 2344 990 Univerfis

414 1031 571 1079 sancte
595 1034 761 1079 matris
784 1029 981 1080 ecclefie
1004 1033 1114 1079 filiis
1136 1031 1338 1080 salutem
1406 1032 1573 1080 Sciant
1603 1039 1705 1080 tam
1735 1030 1907 1095 posteri
1932 1049 2074 1095 quam
2104 1033 2346 1095 presentes

415 1137 501 1170 nos
525 1121 701 1170 dediffe
725 1129 776 1170 et
799 1120 1066 1171 conceffiffe
1089 1129 1140 1171 et
1162 1122 1395 1185 presentis
1412 1123 1574 1185 scripti
1597 1125 1771 1186 pagina
1787 1122 2077 1171 confirmasse
2101 1125 2261 1172 abbati
2287 1127 2346 1171 de

417 1213 575 1261 Scona
606 1221 657 1261 et
689 1215 929 1262 canonicis
962 1215 1142 1262 ibidem
1173 1213 1280 1261 Deo
1308 1213 1624 1261 seruientibus
1655 1215 1705 1261 in
1736 1214 1933 1262 liberam
1960 1231 2131 1276 >puram
2163 1223 2212 1262 et
2243 1232 2348 1277 per-

416 1311 614 1366 petuam
656 1303 964 1353 elemosinam
1004 1301 1226 1352 ecclefias
1266 1319 1383 1365 quas
1422 1305 1547 1352 bone
1592 1306 1822 1352 memorie
1868 1304 2026 1367 Reges
2071 1307 2349 1353 Alexander

417 1396 711 1444 Malcolmus
739 1403 790 1443 et
814 1395 1096 1443 Willelmus
1124 1397 1193 1442 eis
1227 1396 1278 1441 in
1312 1392 1483 1441 diocefi
1511 1391 1670 1441 nostra
1692 1410 1778 1455 per
1804 1396 2058 1442 concilium
2081 1404 2131 1443 et
2164 1396 2350 1444 institu—

416 1489 601 1535 tionem
625 1487 970 1535 venerabilium
1004 1484 1381 1549 predecessorum
1420 1483 1687 1532 nostrorum
1723 1484 2047 1547 episcoporum
2079 1487 2279 1534 Roberti
2302 1496 2351 1534 et

419 1578 618 1626 Ernaldi
653 1576 982 1625 concesserunt
1016 1575 1371 1641 affignauerunt
1405 1583 1456 1624 et
1493 1576 1897 1624 confirmauerunt
1965 1577 2163 1625 Scilicet
2203 1579 2352 1625 eccle-

419 1667 534 1717 fiam
559 1656 620 1716 de
644 1669 803 1717 Scona
836 1675 887 1717 et
922 1666 1135 1717 eiusdem
1167 1668 1374 1730 capellas
1399 1668 1458 1714 de
1482 1666 1767 1730 Kynfaunes
1803 1668 1863 1715 de
1896 1667 2023 1731 Crag
2057 1675 2107 1716 et
2142 1670 2201 1716 de
2226 1669 2351 1717 Rate

419 1758 668 1809 ecclefiam
692 1762 758 1808 de>
777 1760 877 1822 Lyf
894 1757 1144 1809 ecclesiam
1162 1760 1222 1807 de
1240 1759 1602 1823 Innergoueryn
1627 1757 1873 1807 ecclefiam
1894 1760 1953 1806 de
1971 1759 2352 1808 Cambusmichel

420 1849 668 1900 ecclefiam
692 1852 752 1899 de
771 1851 1047 1899 Lochoruer
1070 1848 1318 1899 ecclefiam
1343 1851 1402 1897 de
1426 1849 1673 1898 Kerintun
1698 1849 1801 1897 Has
1825 1851 1973 1913 igitur
1995 1848 2216 1898 ecclesias
2241 1867 2349 1899 cum

421 1943 618 2006 capellis
663 1950 714 1991 et
755 1944 976 1991 omnibus
1017 1943 1122 1991 aliis
1167 1943 1472 2005 pertinentiis
1507 1941 1584 1988 vel
1629 1942 1995 1989 reffltudinibus
2034 1941 2127 1988 suis
2167 1944 2350 2003 prefato

421 2035 605 2083 Abbati
620 2041 671 2083 et
690 2030 930 2083 canonicis
945 2035 1005 2082 ad
1022 2034 1237 2096 proprios
1254 2032 1365 2080 usus
1380 2031 1485 2080 suos
1504 2034 1672 2080 damus
1690 2039 1740 2079 et
1759 2032 2091 2079 confirmamus
2108 2032 2351 2080 licentiam

421 2143 611 2189 quoque
650 2128 720 2174 eis
759 2127 1066 2174 concedimus
1111 2124 1382 2186 capellanos
1428 2122 1733 2185 quoscunque
1775 2123 2015 2170 voluerint
2054 2124 2262 2185 ydoneos
2302 2131 2351 2170 et

423 2220 612 2279 quando
637 2218 877 2266 voluerint
910 2219 960 2264 in
995 2215 1105 2279 ipfis
1141 2214 1349 2264 ecclefiis
1383 2216 1590 2262 retinere
1614 2221 1664 2262 et
1686 2230 1931 2262 removere
1999 2214 2155 2262 Salvis
2179 2214 2352 2276 episco—

423 2310 610 2372 palibus
655 2310 812 2356 nobis·
838 2316 889 2357 et
934 2306 1270 2357 successoribus
1315 2305 1486 2354 nostris
1533 2307 1592 2352 de
1638 2306 1860 2352 omnibus
1905 2302 2113 2352 ecclesiis
2157 2306 2352 2367 prefatis

424 2402 675 2449 annuatim
698 2401 1011 2449 reddentibus
1043 2406 1248 2461 excepta
1279 2396 1511 2445 canonica
1531 2396 1613 2443 sua
1636 2397 1695 2443 de
1720 2396 1878 2443 Scona
1901 2402 1951 2443 et
1975 2395 2169 2457 capellis
2192 2396 2251 2442 ad
2275 2411 2353 2443 eas

424 2493 778 2555 pertinentibus
801 2507 918 2554 quas
942 2492 1002 2539 ab
1026 2491 1157 2538 omni
1192 2490 1442 2537 exafflone
1476 2493 1527 2534 et
1562 2486 1905 2535 consuetudine
1939 2485 2189 2547 episcopali
2223 2486 2354 2532 volu-

424 2600 532 2631 mus
556 2590 606 2631 et
629 2584 936 2631 concedimus
960 2580 1052 2630 effe
1076 2586 1326 2646 exemptas
1348 2577 1567 2626 Testibus

426 2766 738 2813 Confirmatio
757 2764 980 2827 Hugonis
1006 2761 1211 2825 episcopi
1235 2761 1397 2835 Sanffi
1418 2730 1618 2807 Andree
1643 2760 1703 2806 de
1726 2765 1854 2806 terra
1876 2760 1925 2805 in
1945 2758 2118 2806 San8m
2141 2757 2347 2804 Andrea.

431 2933 604 3011 Hugo
642 2948 727 3011 ⁴dei
771 2948 927 3010 gratia
971 2942 1168 2994 ecclesie
1214 2943 1361 2991 sanffl
1408 2943 1583 2989 andree
1624 2940 1817 2986 humilis
1863 2937 2076 2985 minister
2115 2937 2349 2984 Omnibus

425 3040 582 3087 ian&e
604 3039 770 3086 matris
795 3033 991 3085 ecclefie
1013 3035 1123 3083 filiis
1146 3034 1351 3082 salutem
1418 3032 1584 3080 Sciant
1616 3037 1716 3077 tam
1746 3027 1918 3091 posteri
1947 3043 2087 3089 quam
2110 3026 2349 3088 presentes

427 3148 513 3179 nos
530 3126 795 3178 eonceffifl'e
810 3102 963 3175 etffhac
987 3132 1118 3174 carta
1139 3122 1298 3173 nostra
1320 3119 1611 3171 confirmasse
1635 3116 1905 3167 ecclefie-de
1927 3117 2084 3165 Scone
2106 3124 2156 3165 et
2179 3133 2351 3165 canon-

428 3225 512 3270 icis
535 3221 714 3269 ibidem
738 3219 845 3266 Deo
878 3216 1192 3265 servientibus
1227 3221 1278 3262 et
1311 3212 1554 3261 servituris
1578 3211 1694 3257 duas
1726 3223 1890 3271 parcas
1928 3214 2056 3256 terre
2089 3223 2223 3269 quas
2261 3190 2374 3270 pre:b

429 3310 635 3360 decefl'or
668 3307 826 3358 noster
849 3308 1080 3356 Ricardus
1110 3307 1236 3354 bone
1261 3303 1495 3352 'memorie
1528 3299 1703 3348 eisdem
1736 3298 1868 3346 dedit
1928 3299 1978 3345 in
2022 3300 2172 3360 burgo
2208 3298 2364 3345 nostro
