3002 4030
278 944 382 989 191.

425 541 539 574 nse.
559 541 671 573 non.
693 540 769 572 111.
960 526 1009 572 S.
1045 527 1437 576 TRINITATIS
1473 529 1564 576 DE
1593 523 1794 579 ‘SCON.
2254 540 2338 582 151

424 747 568 795 Bulla
584 747 832 795 Benedieci
858 747 988 809 Pape
1012 749 1071 794 de
1086 749 1196 809 jure
1218 756 1496 810 patronatus
1521 749 1716 798 ecclefie
1740 752 1901 799 Sancti
1927 753 2085 815 Egidii
2110 782 2120 791 -

428 916 734 978 Benedictus
758 928 1017 992 Episcopus
1042 929 1218 977 Servus
1243 929 1497 978 Servorum
1533 933 1608 979 dei
1642 932 1723 979 Ad
1756 941 2034 996 perpetuam
2064 937 2133 983 rei
2167 953 2345 984 memo-

424 1024 542 1069 riam
578 1022 687 1068 Hiis
722 1037 815 1082 que
848 1037 933 1082 pro
967 1021 1180 1068 utilitate
1214 1020 1603 1069 monasteriorum
1638 1030 1688 1070 et
1721 1024 1920 1071 aliorum
1951 1025 2161 1073 locorum
2196 1028 2345 1074 eccle-

423 1111 713 1160 fiasticorum
737 1118 787 1159 et
811 1111 1115 1173 personarum
1139 1112 1256 1158 inibi
1278 1110 1363 1158 sub
1386 1113 1590 1175 regulari
1613 1114 1778 1160 habitu
1802 1116 1993 1161 domino
2010 1117 2344 1164 famulantium

423 1205 620 1266 provide
659 1204 783 1251 facta
827 1201 938 1249 sunt
982 1208 1037 1249 ut
1071 1201 1257 1250 illibata
1302 1201 1556 1250 consistant
1592 1205 1800 1251 libenter
1838 1206 2064 1253 adicimus
2101 1206 2342 1268 apostolici

423 1296 701 1342 muniminis
741 1294 1018 1341 firmitatem
1059 1293 1291 1340 Exhibita
1326 1291 1553 1354 fiquidem
1596 1295 1732 1341 nobis
1770 1311 1855 1356 pro
1894 1303 2029 1357 parte
2068 1298 2344 1345 dilectorum

423 1388 628 1433 filiorum
669 1385 876 1432 Abbatis
923 1393 973 1430 et
1013 1383 1295 1431 Conuentus
1344 1382 1620 1446 Monasterij
1662 1386 1721 1431 de
1768 1385 1924 1433 Scona
1967 1388 2142 1434 ordinis
2189 1388 2346 1437 Sanffl

424 1474 683 1538 Augustini
707 1475 1047 1522 Sanffiandree
1067 1472 1262 1520 diocefis
1280 1475 1452 1535 petitio
1472 1476 1749 1522 continebat
1766 1477 1891 1536 quod
1910 1492 2060 1538 nuper
2077 1476 2345 1526 Cariffimus

425 1569 473 1614 in
497 1564 683 1614 Christo
706 1566 833 1612 filius
856 1562 1015 1612 noster
1032 1564 1274 1611 Robertus
1298 1564 1406 1610 Rex
1431 1564 1708 1611 Scottorum
1731 1564 1922 1612 illustris
1945 1569 2197 1615 attendens
2221 1571 2346 1630 quod

423 1655 762 1705 monasterium
785 1655 938 1718 ipsum
962 1656 1088 1717 quod
1111 1654 1240 1717 quasi
1264 1657 1314 1701 in
1337 1657 1494 1703 medio
1520 1656 1676 1718 Regni
1703 1655 1853 1705 scocie
1877 1656 2084 1706 confistit
2108 1667 2158 1706 et
2180 1662 2230 1707 in
2254 1677 2346 1722 quo

426 1749 583 1812 Reges
619 1748 898 1796 Scottorum
933 1748 1015 1808 qui
1047 1749 1241 1793 fuerunt
1275 1763 1360 1808 pro
1396 1754 1614 1808 tempore
1645 1749 1856 1795 coronari
1890 1747 2235 1797 consueverunt
2269 1751 2344 1798 Ac

425 1856 595 1903 corpus
626 1840 751 1887 clare
779 1840 1008 1886 memorie
1037 1838 1238 1885 Roberti
1270 1835 1414 1899 ipfius
1444 1839 1568 1900 regis
1598 1840 1910 1902 progenitoris
1937 1840 2239 1888 inhumatum
2267 1857 2349 1889 ex-

424 1931 525 1978 istit
548 1932 764 1993 Propter
795 1945 992 1992 magnas
1033 1936 1084 1976 et
1124 1927 1328 1976 diversas
1362 1935 1641 1991 magnatum
1674 1934 1723 1976 et
1757 1928 2006 1975 Nobilium
2048 1930 2161 1978 dicti
2194 1930 2349 1994 Regni

426 2024 818 2084 congregationes
853 2037 945 2082 que
980 2022 1257 2081 frequenter
1280 2021 1329 2066 in
1353 2018 1450 2081 ipso
1477 2017 1760 2066 monasterio
1794 2035 1879 2081 pro
1912 2022 2096 2083 magnis
2120 2027 2170 2067 et
2193 2023 2349 2069 arduis

427 2115 539 2160 dicti
578 2114 713 2175 regni
754 2113 959 2175 negotiis
1004 2111 1264 2158 tra&andis
1309 2111 1537 2157 ha&enus
1574 2111 1697 2157 fa&e
1738 2111 1931 2157 fuerunt
1972 2117 2022 2158 et
2057 2110 2210 2158 solent
2249 2113 2349 2160 fieri

426 2205 581 2251 multa
603 2203 825 2250 sustinuit
848 2209 898 2250 et
922 2202 1097 2250 cotidie
1129 2199 1355 2248 sustinere
1389 2207 1579 2262 oportet
1610 2200 1921 2248 Incommoda
1942 2208 1992 2248 et
2015 2204 2175 2264 gravia
2209 2219 2351 2251 onera

428 2295 741 2358 expensarum
778 2295 855 2342 Ac
879 2294 1044 2341 volens
1077 2298 1331 2355 propterea
1364 2293 1519 2339 eidem
1554 2291 1837 2339 monasterio
1873 2293 1931 2339 de
1963 2293 2119 2353 aliquo
2154 2293 2352 2341 subven-

427 2388 571 2434 tionis
594 2387 773 2434 auxilio
797 2386 1045 2447 providere
1067 2384 1100 2431 J
1102 2400 1158 2431 us
1180 2389 1461 2446 patronatus
1483 2383 1763 2452 parochialis
1787 2380 1982 2429 ecclefie
2007 2383 2167 2447 Sanffi
2194 2384 2348 2447 Egidij

428 2479 487 2525 de
513 2477 794 2540 Edinburgh
829 2477 1040 2538 predi&e
1075 2472 1271 2522 diocefis
1307 2475 1432 2535 quod
1457 2474 1515 2520 ad
1539 2472 1689 2535 ipsum
1715 2473 1897 2536 Regem
1932 2480 2048 2521 tunc
2082 2476 2351 2536 pertinebat

428 2584 537 2616 cum
575 2569 796 2615 omnibus
833 2569 972 2614 terris
1011 2564 1364 2628 pofl'effionibus
1401 2581 1455 2611 ac
1487 2565 1675 2626 juribus
1715 2570 1764 2610 et
1804 2566 2104 2625 pertinentiis
2143 2564 2351 2626 ejusdem

428 2661 554 2707 diae
577 2657 861 2707 monasterio
886 2675 940 2705 ac
965 2659 1203 2705 canonicis
1237 2656 1415 2703 ibidem
1449 2654 1762 2702 servientibus
1786 2661 1835 2700 et
1858 2660 2089 2716 perpetuo
2111 2653 2350 2702 servituris

428 2748 652 2798 conceffit
687 2750 924 2810 Quodque
957 2746 1259 2811 postmodum
1283 2745 1564 2793 venerabilis
1597 2745 1744 2791 frater
1775 2743 1933 2790 noster
1955 2743 2201 2791 Walterus
2237 2744 2352 2806 epis-

429 2856 576 2903 copus
610 2840 953 2902 Sanctiandree
987 2841 1068 2901 qui
1103 2840 1249 2886 etiam
1284 2833 1566 2884 conceffioni
1599 2833 1864 2896 hujusmodi
1899 2835 2177 2881 interfuerat
2205 2842 2254 2881 et
2292 2837 2349 2881 ad

430 2947 534 2980 eam
568 2930 704 2979 suum
739 2932 993 2993 prebuerat
1028 2927 1257 2978 afl'ensum
1291 2927 1588 2989 perpendens
1623 2925 1930 2972 Incommoda
1952 2930 2002 2971 et
2025 2940 2168 2971 onera
2193 2924 2350 2986 supra-

431 3024 556 3070 dicta
579 3020 840 3069 Ecclesiam
863 3020 1012 3083 ipsam
1037 3022 1192 3068 eidem
1216 3017 1500 3065 monasterio
1524 3018 1583 3063 de
1601 3015 1824 3063 consensu
1849 3014 2128 3063 dile&orum
2144 3015 2350 3061 filiorum

430 3114 627 3176 capituli
651 3110 847 3160 ecclefie
871 3112 1210 3160 Sanctiandree
1234 3109 1486 3156 Annexuit
1510 3114 1560 3155 et
1577 3108 1732 3153 univit
1754 3089 1895 3167 prout
1917 3107 1967 3151 in
1989 3106 2100 3152 inde
2123 3105 2349 3153 confectis

429 3205 721 3267 prefatorum
755 3204 879 3266 regis
912 3208 963 3250 et
986 3201 1205 3264 Episcopi
1229 3206 1281 3247 et
1304 3199 1500 3261 capituli
1524 3196 1685 3260 sigillis
1720 3194 1912 3259 {ignatis
1946 3195 2118 3242 litteris
2152 3211 2349 3256 quarum

429 3303 619 3343 tenores
654 3296 714 3342 de
744 3295 889 3341 verbo
923 3294 982 3341 ad
1013 3293 1211 3340 verbum
1246 3289 1542 3352 presentibus
1577 3285 1715 3334 inseri
1750 3286 1946 3332 fecimus
1980 3285 2165 3346 plenius
2200 3287 2349 3332 conti-
