3002 4030
743 424 779 456 >U

1963 477 1996 497 ν

457 529 572 562 REG.
588 529 690 562 JAc.
709 529 763 561 11.
1003 516 1051 563 S.
1087 516 1483 567 TRINITATIS
1519 521 1610 568 DE
1646 522 1840 570 SCON.
2293 537 2383 582 189

454 645 652 691 heredes
691 647 785 692 mei
815 647 1049 706 predi&as
1082 645 1164 693 sex
1200 663 1380 696 mercas
1414 654 1559 700 annui
1594 654 1807 700 redditus
1842 655 1901 700 (16
1935 658 2072 702 terris
2107 657 2380 718 supradictis

451 736 794 795 prenominatis
841 737 1032 782 domino
1079 737 1262 785 Abbati
1307 746 1358 786 et
1409 745 1667 788 conventui
1720 745 1831 791 dieti
1879 744 2147 808 monasterij
2195 755 2244 794 et
2287 749 2378 796 suis

449 824 782 874 succefl'oribus
816 833 984 874 contra
1017 843 1182 874 omnes
1216 830 1440 876 mortales
1474 834 1885 881 warantizabimus
1921 839 2295 896 acquietabimus
2329 847 2378 885 et

448 918 802 978 imperpetuum
827 918 1139 964 defendemus
1161 934 1246 979 per
1269 935 1433 966 omnes
1468 927 1615 968 terras
1650 921 1830 970 nostras
1864 941 2045 973 annuos
2079 928 2293 974 redditus
2328 937 2377 975 et

447 1006 745 1068 poffeffiones
773 1007 1093 1069 quascumque
1129 1008 1187 1054 In
1223 1010 1356 1069 cujus
1391 1010 1481 1056 Rei
1515 1009 1839 1060 testimonium
1874 1015 2081 1076 presenti
2116 1024 2246 1064 carte
2268 1034 2375 1065 mee

448 1098 671 1160 Sigillum
717 1114 879 1147 meum
917 1097 1111 1159 apposui
1152 1104 1203 1144 et
1242 1114 1326 1159 pro
1363 1101 1527 1160 majori
1562 1101 1834 1149 testimonio
1881 1105 2103 1166 Sigillum
2139 1106 2369 1155 secretum

446 1190 557 1235 dicti
582 1190 721 1251 burgi
744 1205 772 1235 a
795 1186 1034 1250 prepofito
1066 1196 1116 1235 et
1151 1188 1420 1236 consulibus
1456 1189 1664 1250 ejusdem
1699 1209 1796 1239 una
1830 1210 1939 1240 cum
1975 1195 2142 1258 Sigillo
2178 1198 2372 1245 Andree

445 1279 659 1326 Chartris
683 1281 824 1326 unius
847 1280 1131 1326 ballivorum
1156 1281 1269 1326 dieti
1293 1279 1441 1341 Burgi
1460 1282 1541 1340 qui
1559 1279 1773 1328 saifinam
1793 1284 2123 1332 hereditariam
2143 1289 2371 1335 di&arum

444 1368 524 1416 sex
549 1385 816 1416 mercarum
839 1371 986 1416 annui
1011 1371 1225 1415 redditus
1249 1370 1308 1415 de
1331 1371 1469 1416 terris
1493 1369 1766 1431 supradiffls
1786 1373 2066 1421 Venerabili
2085 1383 2134 1422 et
2156 1378 2370 1439 religioso

443 1462 544 1506 viro
579 1462 788 1522 dompno
824 1460 1072 1522 Stephano
1105 1458 1331 1521 hessyhop
1366 1462 1509 1520 priori
1546 1462 1658 1508 dicti
1692 1461 1961 1524 monasterij
1998 1468 2190 1513 nomine
2224 1475 2274 1514 et
2309 1485 2369 1515 ex

441 1557 578 1612 parte
632 1552 865 1598 dictorum
916 1551 1124 1598 Abbatis
1176 1558 1227 1597 et
1273 1557 1539 1597 conuentus
1585 1567 1669 1612 per
1713 1550 2075 1614 refignationem
2122 1572 2275 1604 meam
2321 1562 2366 1605 in

441 1642 662 1688 manibus
706 1640 801 1688 suis
834 1643 1009 1689 factam
1043 1642 1242 1688 tradidit
1276 1655 1327 1687 et
1362 1641 1643 1688 deliberavit
1684 1643 1794 1689 huic
1837 1645 1983 1691 etiam
2028 1653 2158 1693 carte
2197 1652 2364 1709 apponi

339 1726 360 1742 ”
439 1734 685 1794 procuravi
722 1732 832 1779 Hiis
866 1731 1068 1779 testibus
1103 1732 1353 1779 Baldwino
1388 1731 1527 1778 Seres
1562 1730 1798 1793 preposito
1833 1739 1883 1779 et
1918 1736 2197 1783 vicecomite
2231 1739 2366 1800 burgi

274 2729 384 2771 220.

438 1823 637 1870 Andrea
655 1825 715 1870 de
733 1823 1075 1885 Inchmertyne
1092 1823 1124 1869 J
1127 1824 1315 1869 ohanne
1334 1822 1501 1868 downe
1517 1821 1730 1867 Roberto
1747 1824 1806 1868 de
1824 1823 1934 1885 logy
1951 1825 2138 1872 ballivis
2157 1827 2365 1887 ejusdem

439 1915 653 1961 Roberto
691 1915 750 1961 de
792 1914 946 1975 Spens
991 1913 1217 1960 Johanne
1263 1914 1322 1959 de
1367 1913 1660 1973 hadingtone
1707 1914 1846 1959 david
1891 1914 2099 1978 flemyng
2143 1917 2364 1964 Johanne

436 2005 640 2052 Bunche
663 2005 865 2055 Moritio
889 2005 996 2066 Roy
1020 2004 1272 2050 Willelmo
1296 2004 1493 2050 chartris
1529 2004 1588 2048 de
1622 2002 1844 2064 Cangnor
1874 2003 2116 2067 Magistris
2143 2007 2176 2052 J
2179 2008 2363 2055 ohanne

437 2098 628 2158 dunyne
653 2095 848 2143 Vicario
872 2097 932 2141 de
954 2096 1095 2156 perth
1128 2094 1349 2141 Johanne
1384 2093 1584 2154 Benyne
1619 2094 1791 2139 vicario
1816 2095 1875 2140 de
1899 2094 2187 2143 Strathardil
2223 2099 2361 2144 david

435 2186 649 2233 Chartris
688 2186 719 2232 J
723 2186 911 2233 ohanne
946 2187 1005 2232 (16
1040 2201 1228 2233 camera
1262 2185 1474 2231 Roberto
1510 2184 1569 2229 (16
1604 2183 1804 2230 Gamera
1838 2184 1995 2231 Dauid
2030 2185 2221 2233 Broune
2255 2190 2360 2234 ciue

435 2279 642 2324 civitatis
692 2277 1032 2324 San&iandree
1078 2277 1270 2322 domino
1322 2275 1504 2321 Thoma
1558 2273 1726 2320 Pottar
1777 2275 2020 2334 capellano
2061 2276 2256 2323 Andrea
2302 2279 2360 2324 de

434 2368 646 2414 lundoris
671 2367 921 2414 Wilielmo
944 2382 1060 2429 gray
1083 2392 1093 2403 ·

431 2548 611 2595 Actum
635 2548 952 2594 Dominorum
970 2546 1262 2593 Auditorum
1288 2548 1347 2592 (16
1371 2544 1503 2594 Cam
1526 2548 1585 2593 (16
1608 2547 1746 2593 terris
1769 2547 1829 2592 de
1853 2546 2159 2606 Inchmertyn
2185 2573 2194 2583 ·

436 2714 551 2777 Die
586 2729 786 2791 septima
819 2729 1058 2811 ffebruarii
1093 2728 1240 2774 Anno
1275 2729 1455 2773 domini
1489 2729 1551 2775 (0⁰
1582 2731 1708 2773 cccc⁰
1730 2727 1813 2772 lvi⁰
1847 2726 1905 2771 In
1940 2723 2132 2771 seffione
2165 2726 2354 2786 publica

430 2828 566 2868 tenta
599 2821 726 2881 apud
760 2820 964 2881 burguni
1002 2820 1061 2865 de
1100 2818 1249 2864 Perth
1282 2819 1333 2863 in
1367 2818 1577 2878 pretorio
1617 2815 1825 2876 ejusdem
1857 2815 2035 2861 Coram
2072 2815 2352 2861 Reverendo

429 2908 891 2973 Venerabilibusque
914 2910 1128 2970 patribus
1151 2910 1201 2954 in
1225 2906 1411 2953 Christo
1446 2922 1501 2952 ac
1535 2907 1738 2952 dominis
1760 2905 1941 2951 Thoma
1964 2903 2192 2964 Episcopo
2217 2904 2352 2950 Dun-

427 2998 639 3048 keldenfi
661 2999 923 3046 Malcolmo
947 3005 998 3045 et
1020 2998 1052 3044 J
1055 2999 1243 3044 ohanne
1267 2998 1326 3043 de
1350 2996 1674 3042 Abirbrothoc
1709 3001 1758 3040 et
1791 2994 2025 3040 Lundoris
2047 2991 2350 3040 monasterio-

426 3107 532 3138 rum
573 3090 846 3137 Abbatibus
884 3089 1105 3135 Johanne
1146 3088 1461 3149 Scrymgeour
1497 3083 1838 3132 constabulario
1879 3084 1938 3128 (16
1979 3083 2154 3129 Dunde
2194 3083 2347 3130 milite

427 3181 691 3229 Malcolmo
716 3180 985 3226 Moncreife
1009 3179 1069 3224 de
1093 3179 1260 3224 eodem
1287 3175 1537 3222 Willelmo
1562 3171 1827 3220 Cranstoun
1851 3173 1910 3218 de
1932 3170 2142 3232 swinhop
2165 3178 2214 3218 et
2239 3173 2347 3218 Ma-

423 3270 568 3334 gistro
615 3270 851 3317 Nicholao
897 3269 1141 3315 otirburne
1186 3267 1357 3314 clerico
1404 3264 1690 3310 Rotulorum
1736 3269 1785 3309 et
1825 3260 2007 3324 registri
2053 3263 2345 3308 auditoribus

1544 3461 1572 3487 t
