2982 4016
430 552 544 586 REG.
565 554 678 587 ROB.
700 555 732 586 1.
982 543 1031 590 S.
1067 542 1462 593 TRINITATIS
1497 546 1589 593 DE
1626 546 1820 594 SCON.
2270 555 2355 598 101

429 668 760 718 elemofinatas
810 673 936 720 infra
985 674 1179 722 balliam
1225 675 1428 723 vestram
1478 678 1529 723 in
1579 675 1809 739 premiffis
1866 680 2124 741 contigerit
2177 683 2359 728 onerari

428 761 507 808 Ita
530 763 657 823 quod
687 779 773 824 pro
797 762 951 811 vestro
988 766 1178 813 defectu
1209 769 1321 815 inde
1353 769 1698 829 querimoniam
1733 785 1831 816 non
1863 771 2111 817 audiamus
2178 770 2361 818 Datum

862 857 944 880 .....

427 1036 573 1084 Carta
595 1037 797 1085 Roberti
822 1039 968 1102 Regis
994 1040 1053 1087 de
1076 1042 1360 1088 renovandis
1385 1043 1528 1089 cartis
1552 1043 1612 1089 ab
1635 1042 1811 1106 Anglis
1834 1044 2017 1091 ablatis,

294 1223 386 1264 138
429 1203 692 1267 Robertus
727 1222 805 1268 dei
830 1222 999 1269 Gratia
1024 1222 1133 1268 Rex
1157 1222 1436 1270 Scottorum
1462 1223 1708 1271 Bernardo
1732 1223 1918 1286 Abbati
1953 1226 2012 1272 de
2036 1225 2359 1273 Abirbrothoc

426 1313 709 1359 cancellario
731 1311 814 1359 suo
839 1312 1002 1360 Scotie
1025 1311 1228 1360 salutem
1253 1315 1379 1370 Quia
1401 1316 1634 1361 veraciter
1655 1315 1983 1362 intelleximus
2007 1317 2133 1376 quod
2163 1316 2359 1379 Anglici

423 1401 659 1450 hostiliter
675 1400 827 1466 figilla
845 1405 1146 1464 quarundum
1171 1411 1410 1452 cartarum
1434 1405 1716 1451 dilefftorum
1739 1404 2008 1452 nostrorum
2026 1408 2234 1453 virorum
2251 1408 2360 1454 reli-

421 1492 661 1556 giosorum
685 1493 896 1541 Abbatis
921 1501 971 1542 et
996 1502 1265 1543 conventus
1301 1496 1360 1542 de
1396 1496 1555 1543 Scona
1588 1497 1812 1556 nequiter
1834 1495 2131 1544 Avulserunt
2155 1504 2204 1544 et
2228 1497 2361 1559 quas-

423 1585 533 1631 dam
556 1584 775 1631 totaliter
808 1583 968 1632 secum
992 1584 1314 1633 Abstulerunt
1338 1564 1493 1634 Vobis
1527 1588 1809 1634 mandamus
1844 1593 1894 1634 et
1928 1590 2215 1651 precipimus
2250 1605 2362 1650 qua-

421 1682 564 1722 tenus
582 1676 685 1722 fieri
704 1677 889 1723 faciatis
908 1675 1282 1724 commiffionem
1301 1679 1360 1724 de
1379 1678 1563 1739 capella
1580 1677 1739 1725 nostra
1756 1680 1806 1724 in
1822 1679 1984 1726 debita
1998 1679 2150 1727 forma
2167 1681 2359 1727 domino

422 1768 660 1820 mauricio
686 1768 762 1814 dei
786 1770 940 1829 gratia
964 1768 1195 1816 Dunblafi
1220 1768 1453 1831 Episcopo
1473 1775 1522 1816 ct
1541 1770 1674 1816 vobis
1694 1769 1776 1815 Ad
1800 1771 2172 1817 examinandum
2196 1772 2359 1818 viden-

421 1859 536 1904 dum
561 1865 612 1905 et
647 1859 987 1906 declarandum
1022 1867 1176 1907 cartas
1213 1859 1420 1922 ipsorum
1458 1859 1783 1923 religiosorum
1821 1877 1876 1908 ac
1910 1863 2209 1908 monimenta
2244 1878 2360 1923 quas

422 1955 471 1995 et
505 1965 597 2010 que
629 1966 758 1997 nunc
792 1951 973 1997 habent
1012 1950 1077 1996 Et
1112 1949 1331 1998 fimiliter
1364 1950 1503 2013 super
1539 1954 1680 1999 cartis
1718 1953 1933 1999 totaliter
1968 1951 2238 2014 Asportatis
2274 1970 2359 2015 per

422 2040 649 2088 Inimicos
673 2042 733 2088 ad
757 2040 1137 2103 cognoscendum
1162 2041 1301 2104 super
1323 2044 1414 2089 hiis
1439 2049 1488 2089 et
1512 2041 1771 2090 secundum
1796 2045 1923 2104 quod
1947 2044 2095 2091 dictos
2118 2043 2357 2107 religiosos

420 2133 511 2179 hiis
553 2134 720 2179 diebus
757 2130 953 2179 vestitos
991 2138 1041 2180 et
1081 2131 1261 2180 saifitos
1293 2132 1421 2195 juste
1459 2140 1508 2180 et
1544 2135 1740 2195 pacifice
1776 2135 1995 2195 poteritis
2035 2134 2259 2181 Invenire
2300 2136 2358 2193 de

421 2225 560 2269 terris
583 2224 848 2270 redditibus
882 2221 1236 2285 poffeffionibus
1261 2225 1337 2270 vel
1361 2225 1664 2273 libertatibus
1699 2231 1853 2272 cartas
1887 2223 2068 2272 nostras
2102 2224 2241 2287 super
2275 2225 2359 2273 eis-

421 2315 531 2360 dem
567 2315 618 2359 in
656 2315 820 2360 debita
859 2315 1010 2360 forma
1051 2314 1233 2375 capelle
1273 2313 1431 2362 nostre
1473 2317 1609 2363 dictis
1650 2313 1878 2378 religiofis
1917 2318 2134 2363 renovari
2174 2318 2358 2365 faciatis

421 2403 605 2450 Datum
643 2404 791 2466 Apud
832 2404 1039 2453 Sconam
1076 2407 1237 2452 tertio*
1264 2407 1341 2453 die
1378 2405 1586 2469 Augusti
1626 2406 1774 2453 Anno
1815 2407 1971 2469 Regni
2007 2405 2152 2454 nostri
2193 2409 2358 2455 octavo

421 2496 620 2542 decimo.

421 2679 566 2726 Carta
590 2679 792 2726 Roberti
815 2679 963 2742 Regis
987 2695 1048 2726 ne
1073 2680 1178 2740 quis
1202 2695 1368 2726 namos
1392 2686 1476 2727 aut
1499 2680 1749 2726 hominum
1774 2678 1983 2727 Abbatis
2007 2681 2067 2727 de
2091 2680 2248 2728 Scona
2270 2698 2354 2743 pro

421 2770 584 2833 debito
613 2772 784 2831 capiat.

290 2952 382 3008 139
428 2933 689 3001 Robertus
730 2953 806 2998 dei
842 2952 1012 2999 Gratia
1040 2953 1148 2999 Rex
1190 2951 1469 3000 Scottorum
1505 2952 1725 2999 omnibus
1764 2952 1923 3012 probis
1962 2951 2232 3023 hominibus
2263 2950 2356 2998 suis

425 3044 486 3090 ad
510 3058 627 3103 quos
651 3040 893 3103 presentes
917 3043 1080 3090 littere
1104 3045 1411 3104 pervenerint
1446 3042 1664 3089 Salutem
1701 3042 1874 3088 Sciatis
1899 3042 2025 3102 quod
2048 3039 2356 3089 concefflmus

424 3132 652 3198 religiofis
676 3135 787 3179 viris
811 3132 996 3179 Abbati
1031 3140 1081 3180 et
1117 3135 1375 3180 conventui
1413 3134 1472 3179 de
1508 3132 1663 3179 Scona
1697 3133 1823 3193 quod
1857 3132 2018 3177 nullus
2052 3148 2217 3178 namos
2250 3132 2356 3180 suos

424 3230 509 3272 aut
545 3225 795 3269 hominum
830 3221 1021 3269 suorum
1059 3224 1215 3285 capiat
1249 3239 1334 3285 pro
1368 3224 1526 3284 aliquo
1561 3224 1722 3269 debito
1757 3224 1807 3268 in
1842 3223 2013 3283 quibus
2047 3221 2131 3283 ipfi
2155 3223 2357 3286 religiosi

424 3322 654 3362 tenentur
676 3314 753 3360 vel
776 3330 862 3375 pro
885 3314 1122 3376 plegiagio
1146 3314 1306 3374 aliquo
1329 3311 1476 3374 usque
1511 3314 1570 3360 ad
1605 3314 1865 3359 terminum
1897 3314 2038 3359 unius
2061 3314 2173 3360 anni
2197 3330 2224 3360 a
2248 3315 2358 3361 data
