2982 4016
418 563 668 596 ananon.
690 564 722 595 1.
968 551 1016 598 S.
1053 551 1450 602 TRINITATIS
1485 554 1578 601 DE
1614 555 1808 603 SCON.
2175 612 2178 614 ,
2290 567 2350 613 99

414 696 604 729 necnon
627 686 678 728 et
701 696 869 728 omnes
893 687 1044 730 terras
1067 689 1352 733 tenementa
1375 692 1425 733 et
1447 684 1746 748 poffefliones
1775 703 1891 749 quas
1915 688 2097 736 habent
2121 706 2182 737 ex
2207 693 2350 740 dona-

413 773 548 821 tione
581 770 740 820 nostra
761 773 809 819 in
840 780 1128 835 perpetuum
1196 776 1356 832 Quare
1389 777 1592 825 firmiter
1624 779 1931 839 prohibemus
1965 796 2027 827 ne
2062 782 2166 841 quis
2202 783 2350 829 dictos

415 863 679 926 Religiosos
703 870 788 911 aut
810 865 1028 912 homines
1052 864 1158 913 suos
1182 868 1331 914 dictas
1354 874 1506 915 terras
1534 867 1614 916 seu
1639 876 1921 918 tenementa
1951 872 2277 919 inhabitantes
2300 875 2351 920 in

412 955 650 1015 aliquibus
673 954 811 1002 sectis
835 954 968 1018 prifis
987 959 1286 1018 captionibus
1305 961 1520 1022 cariagiis
1538 959 1620 1007 seu
1638 961 1742 1008 aliis
1759 960 1967 1010 serviciis
1991 962 2350 1025 quibuscunque

412 1061 499 1093 nos
523 1047 914 1109 contingentibus
938 1054 1105 1095 contra
1126 1050 1250 1095 hanc
1268 1048 1615 1098 conceflionem
1632 1050 1839 1099 nostram
1858 1069 2034 1100 vexare
2052 1053 2134 1101 seu
2151 1071 2348 1118 gravare

411 1137 652 1199 presumat
721 1138 781 1184 In
805 1140 940 1200 cujus
963 1141 1032 1186 rei
1067 1137 1395 1187 testimonium
1429 1140 1728 1202 presentibus
1762 1141 1970 1206 figillum
2004 1142 2217 1192 nostrum
2244 1162 2350 1208 pre-

406 1232 627 1292 cepimus
662 1231 836 1291 apponi
910 1230 1095 1277 Datum
1130 1232 1257 1292 apud
1293 1231 1500 1279 Sconam
1535 1232 1756 1282 vicefimo
1791 1251 1918 1282 nono
1953 1238 2029 1283 die
2065 1236 2347 1285 Decembris

412 1320 560 1369 Anno
585 1321 743 1384 Regni
765 1319 912 1368 nostri
935 1320 1171 1369 vicefimo.

412 1469 489 1551 De
512 1504 732 1565 libtatib3
754 1501 876 1551 ficut
900 1504 1044 1551 abbes
1068 1506 1128 1551 de
1151 1505 1294 1552 Abbr
1317 1514 1349 1552 *t
1373 1496 1678 1568 Dunf0mlyn
1704 1535 1713 1544 ·
1742 1504 1745 1505 ⁷

286 1688 379 1731 134
409 1672 619 1735 Robtus
643 1688 720 1734 dei
743 1692 830 1750 gfa
853 1687 963 1734 Rex
987 1687 1227 1745 Scottoviz’
1253 1685 1537 1749 Justiciarijs
1561 1715 1570 1724 ·
1598 1689 1876 1750 vicecoitibsz,
1901 1717 1910 1727 ·
1938 1690 2177 1753 Prep'oitis
2200 1700 2233 1738 *t
2256 1710 2349 1751 eon

411 1780 604 1828 balliuis
619 1780 679 1827 ad
697 1795 815 1840 quos
829 1767 1023 1842 {isentes
1038 1779 1110 1826 Ire
1124 1761 1334 1840 pueflint
1353 1777 1494 1825 saltm
1509 1780 1758 1827 mandam9
1772 1781 1906 1827 vobis
1921 1789 1954 1826 ”c
1968 1769 2177 1844 {lcipimss’
2191 1783 2350 1843 q‘stin9

411 1873 651 1933 ¹omittatis
675 1870 940 1934 Religiosos
963 1872 1088 1917 viros
1112 1869 1305 1917 Abbem
1329 1876 1379 1916 et
1403 1870 1676 1917 Conu5tum
1712 1871 1772 1917 de
1808 1871 1963 1919 Sconoe
1987 1900 1996 1910 ·
2022 1875 2230 1936 gaudere
2258 1876 2349 1921 lib-

412 1965 561 2024 tatibq,
582 1962 677 2010 suis
703 1965 772 2010 eis
795 1979 826 2026 p
850 1979 937 2010 nos
961 1960 1156 2010 coceffis
1190 1960 1303 2009 iux&
1336 1966 1501 2008 tenore
1535 1962 1643 2020 lra‘z}
1681 1968 1804 2020 nfarzp
1839 1979 1955 2025 quas
1991 1966 2103 2011 inde
2137 1967 2352 2014 habents

414 2057 503 2102 sub
526 2071 701 2118 magno
724 2053 876 2117 figillo
900 2059 989 2102 nfo
1014 2055 1133 2101 adeo
1157 2053 1256 2101 libe
1278 2062 1311 2100 tt
1334 2055 1497 2114 quiete
1522 2082 1531 2090 ·
1559 2052 1680 2101 ficut
1699 2055 1926 2117 Religiofi
1945 2058 2034 2102 viri
2058 2057 2276 2105 Abbates
2301 2066 2351 2105 et

415 2146 662 2193 Conuetus
686 2147 746 2193 de
769 2146 962 2203 Abirbn
986 2151 1036 2192 et
1060 2146 1120 2192 de
1144 2145 1499 2209 Dunfermelyn
1521 2147 1733 2207 gaudent
1756 2146 1974 2207 libtatibJ,
1995 2145 2089 2194 suis
2110 2162 2125 2194 s
2160 2148 2238 2196 Ita
2261 2166 2295 2212 q
2316 2167 2352 2209 p

415 2243 501 2284 vso
526 2239 674 2284 defen
708 2237 912 2298 amplius
947 2238 1059 2283 inde
1080 2233 1264 2283 iustam
1288 2215 1523 2298 Qrimonia
1557 2242 1622 2283 116
1647 2238 1866 2284 audiam9
1892 2237 2008 2285 Dat*
2033 2239 2158 2300 apud
2194 2239 2353 2301 Alyth

418 2343 467 2375 vo
490 2330 568 2376 die
591 2329 775 2391 Aug9ti
798 2328 946 2375 Anno
971 2327 1129 2390 Regni
1152 2329 1228 2374 nfi
1252 2325 1472 2374 vicesimo
1496 2328 1624 2389 pffmo
1648 2354 1658 2364 ·
2265 2327 2274 2334 '

418 2512 565 2559 Carta
582 2511 785 2558 Roberti
810 2511 957 2573 Regis
981 2511 1041 2557 de
1065 2511 1262 2557 decimis
1286 2510 1527 2558 lucrorum
1552 2517 1603 2560 et
1626 2509 1919 2561 escaetarum
1945 2539 1957 2552 2

294 2702 385 2744 135
423 2681 684 2744 Robertus
726 2696 802 2741 dei
839 2694 1009 2742 Gratia
1042 2693 1152 2739 Rex
1187 2691 1466 2741 Scottorum
1497 2691 1770 2740 Justiciario
1802 2691 1884 2740 suo
1920 2709 1982 2739 ex
2018 2694 2185 2740 boriali
2221 2702 2357 2755 parte

421 2804 543 2849 aque
567 2789 627 2834 de
650 2788 779 2833 forth
802 2801 990 2833 necnon
1014 2785 1287 2832 vicecomiti
1318 2791 1369 2831 et
1402 2784 1590 2831 ballivis
1614 2782 1709 2830 suis
1733 2784 1792 2829 de
1817 2783 1965 2830 Perth
2001 2786 2081 2844 qui
2115 2800 2200 2845 pro
2235 2791 2355 2831 tem-

421 2895 536 2941 pore
576 2879 756 2925 fuerint
813 2877 1034 2924 Salutem
1073 2877 1356 2923 mandamus
1392 2876 1526 2921 vobis
1560 2881 1611 2921 et
1646 2876 1933 2935 precipimus
1974 2880 2208 2934 quatenus
2247 2876 2356 2922 reli-

422 2968 563 3034 giofis
586 2970 699 3015 viris
723 2967 909 3015 Abbati
934 2973 984 3014 et
1008 2969 1268 3014 conventui
1301 2968 1359 3013 de
1385 2966 1511 3013 Scon
1537 2972 1587 3012 et
1611 2981 1776 3012 eorum
1811 2963 2143 3012 succefl'oribus
2166 2963 2361 3028 fingulis

424 3063 561 3109 annis
584 3058 786 3122 persolvi
809 3059 995 3105 faciatis
1017 3059 1069 3104 in
1091 3062 1379 3118 perpetuum
1403 3058 1611 3103 decimas
1635 3058 1849 3102 omnium
1872 3056 2113 3102 lucrorum
2133 3062 2182 3103 et
2206 3056 2360 3104 escae-

425 3160 585 3199 torum
602 3157 705 3197 tam
723 3151 782 3196 de
799 3149 988 3211 placitis
1005 3148 1037 3194 J
1040 3146 1276 3194 usticiarie
1294 3164 1438 3209 quam
1457 3148 1515 3193 de
1533 3147 1720 3208 placitis
1738 3147 2100 3193 vicecomitatus
2119 3148 2177 3194 de
2194 3151 2357 3210 goueri

427 3244 504 3290 De
527 3243 699 3304 quibus
732 3241 913 3287 habent
937 3239 1132 3286 Cartam
1166 3236 1373 3284 nostram
1407 3253 1582 3299 magno
1605 3235 1757 3298 figillo
1789 3235 1948 3283 nostro
1972 3235 2224 3300 figillatam
2294 3239 2359 3289 Et

426 3336 552 3401 quod
588 3336 638 3383 in
672 3334 762 3380 hoc
800 3329 1111 3397 apposueritis
1147 3330 1283 3376 uobis
1306 3326 1501 3394 singulis
1538 3329 1674 3377 annis
1708 3329 1758 3376 in
1793 3330 2026 3393 compotis
2050 3328 2215 3379 vestris
2248 3332 2360 3380 faci,
