3002 4030
530 2702 632 2746 199.

673 503 693 544 1
705 503 764 546 5⁶2
1348 492 1554 544 LIBER
1590 494 1916 544 ECCLESIE
2359 510 2459 544 sne.
2478 510 2584 543 xv1.

667 637 810 676 netur
843 628 1002 685 Quare
1024 643 1109 690 pro
1131 634 1265 690 parte
1288 627 1519 673 difitorum
1543 625 1750 672 Abbatis
1764 601 1825 673 ‘et
1847 625 2125 672 Conventus
2158 627 2295 674 nobis
2317 627 2410 674 fuit
2431 628 2586 674 hnmi-

669 721 780 767 liter
811 718 1127 781 supplicatum
1160 724 1216 765 ιιι
1249 713 1531 765 conceffioni
1566 716 1822 763 annexioni
1851 727 1902 763 et
1924 717 2089 763 unioni
2121 714 2390 778 hujusmodi
2423 716 2589 764 Robur

668 810 1036 857 confirmationis
1059 810 1244 856 adicere
1262 813 1312 855 et
1335 807 1547 854 defe&us
1564 803 1598 851 fi
1617 807 1696 866 qui
1718 805 1873 853 forsan
1895 806 2242 852 intervenerint
2275 804 2336 852 In
2358 804 2588 867 premissis

668 900 883 962 supplere
906 900 965 946 de
987 899 1284 961 benignitate
1318 894 1574 959 apostolica
1601 896 1906 958 dignaremur
1939 894 2044 942 Nos
2078 896 2225 958 igitur
2246 893 2589 943 conceffionem

667 991 983 1038 annexionem
1005 995 1057 1036 et
1079 989 1305 1035 unionem
1327 985 1597 1049 hujusmodi
1619 992 1747 1033 ratas
1770 985 2002 1032 habentes
2025 991 2076 1032 et
2097 994 2257 1047 gratas
2279 985 2386 1033 illas
2409 983 2592 1047 aposto-

667 1080 759 1127 lica
784 1078 1068 1128 austoritate
1091 1093 1154 1125 ex
1176 1084 1307 1125 certa
1339 1076 1536 1124 scientia
1562 1075 1895 1123 confirmamus
1919 1081 1970 1121 et
1992 1073 2223 1136 presentis
2245 1072 2405 1136 scripti
2438 1081 2595 1136 patro-

668 1171 792 1217 cinio
815 1169 1164 1217 communimus
1189 1167 1480 1229 Supplentes
1502 1180 1668 1213 omnes
1692 1165 1905 1212 defeaus
1927 1162 2045 1225 fiqui
2069 1162 2223 1211 forsan
2246 1165 2591 1212 intervenerint

667 1263 717 1307 in
740 1258 916 1308 eisdem
939 1259 1016 1306 Ac
1034 1259 1248 1306 volentes
1271 1258 1398 1319 quod
1420 1255 1455 1303 fi
1479 1257 1625 1318 aliqui
1649 1255 1788 1317 super
1808 1252 2151 1317 provifionibus
2174 1252 2260 1301 fibi
2283 1255 2510 1303 faciendis
2533 1256 2593 1303 de

668 1350 1013 1411 parochialibus
1047 1346 1255 1397 eeclesiis
1289 1355 1373 1395 aut
1407 1347 1512 1395 aliis
1545 1348 1787 1394 beneficiis
1821 1343 2146 1394 ecclesiasticis
2178 1347 2226 1394 in
2251 1345 2346 1393 illis
2379 1346 2593 1407 partibus

667 1440 893 1503 speciales
932 1439 1010 1487 vel
1053 1438 1300 1502 generales
1343 1436 1620 1499 Apostolice
1662 1435 1784 1485 sedis
1825 1436 1903 1484 vel
1949 1436 2215 1499 legatorum
2260 1436 2364 1498 ejus
2407 1435 2593 1484 litteras

669 1531 967 1593 impetrarint
989 1531 1136 1577 etiam
1160 1527 1196 1575 fi
1219 1544 1305 1590 per
1326 1543 1406 1576 eas
1429 1529 1488 1575 ad
1512 1527 1855 1574 Inhibitionem
1880 1525 2247 1574 reservationem
2271 1532 2322 1574 et
2345 1527 2590 1574 decretum

669 1622 744 1668 vel
779 1621 894 1668 alias
928 1619 1285 1682 quomodolibet
1313 1615 1372 1665 fit
1402 1614 1664 1680 processum
1698 1617 1882 1678 prefate
1915 1616 2078 1664 littere
2100 1623 2152 1664 et
2174 1613 2409 1678 processus
2441 1616 2592 1664 habiti

666 1727 751 1773 per
783 1710 970 1758 easdem
1003 1717 1054 1757 et
1086 1724 1385 1770 quecumque
1418 1709 1531 1755 inde
1553 1707 1715 1756 secuta
1747 1707 1807 1754 ad
1835 1705 2082 1755 ecclefiam
2116 1708 2352 1769 prefatam
2384 1706 2592 1755 nullate-

667 1817 757 1848 nus
790 1801 837 1848 se
871 1801 1137 1849 extendant
1171 1799 1380 1847 'lienores
1404 1813 1515 1845 vero
1548 1798 1818 1844 litterarum
1852 1799 1976 1860 regis
1999 1803 2050 1844 et
2073 1796 2279 1860 episcopi
2306 1813 2363 1845 ac
2395 1797 2591 1859 capituli

667 1893 983 1953 predi&orum
1002 1890 1122 1939 tales
1139 1889 1249 1938 sunt
1269 1889 1351 1953 [ut
1370 1888 1507 1950 supra
1528 1892 1633 1941 189,
1655 1886 1787 1949 190.]
1807 1911 1819 1924 ·
1838 1886 1979 1934 Nulli
1996 1902 2108 1950 ergo
2132 1887 2326 1934 omnino
2343 1887 2590 1934 hominum

668 1982 810 2030 liceat
834 1983 954 2030 hauc
977 1982 1197 2044 paginam
1219 1979 1377 2028 nostre
1400 1979 1770 2028 confirmationis
1799 1978 2186 2025 communitionis
2208 1975 2519 2039 suppletionis
2542 1986 2591 2025 et

669 2073 929 2119 voluntatis
950 2072 1207 2134 infringere
1230 2070 1307 2118 vel
1330 2070 1375 2117 ei
1398 2067 1513 2117 ausu
1535 2068 1786 2116 temerario
1821 2069 2056 2115 contraire
2089 2066 2144 2114 Si
2171 2068 2277 2129 quis
2310 2074 2472 2115 autem
2501 2068 2591 2115 hoc

668 2167 957 2223 attemptare
990 2159 1321 2222 presumpserit
1353 2160 1729 2222 indignationem
1769 2158 2114 2219 omnipotentis
2145 2159 2222 2206 dei
2258 2164 2308 2205 et
2342 2159 2590 2206 beatorum

669 2254 792 2314 petri
823 2259 874 2300 et
907 2251 1036 2314 pauli
1067 2248 1383 2313 apostolorum
1418 2251 1519 2311 ejus
1545 2248 1594 2297 se
1621 2249 1808 2296 noverit
1840 2247 2136 2296 incursurum
2162 2248 2345 2296 Datum
2380 2247 2591 2295 Aviniofi

670 2345 701 2405 ij
726 2344 774 2390 id
798 2358 809 2390 :
833 2341 1113 2404 septembris
1136 2341 1449 2388 Pontificatus
1472 2338 1616 2387 nostri
1640 2338 1788 2386 Anno
1811 2339 1963 2400 primo
1986 2363 1998 2375 ·

672 2523 817 2571 Bulla
832 2522 1082 2570 Benediffi
1105 2521 1235 2583 Pape
1253 2521 1313 2568 de
1330 2521 1473 2567 mitra
1495 2526 1546 2566 et
1569 2520 1746 2567 annulo
1769 2526 1820 2567 et
1842 2521 1946 2568 aliis
1962 2521 2320 2582 pontificalibus
2344 2519 2563 2585 Infigniis
2578 2548 2588 2559 ·

676 2685 984 2748 Benediaus
1029 2698 1290 2762 Episcopus
1332 2699 1494 2746 servus
1537 2697 1778 2745 servorum
1817 2699 1895 2745 dei
1935 2699 2119 2747 dileais
2162 2700 2274 2748 filiis
2313 2700 2592 2749 Alexandro

673 2792 856 2839 Abbati
879 2798 930 2839 et
953 2791 1211 2838 conventui
1233 2787 1503 2836 monasterii
1522 2790 1581 2835 de
1599 2789 1757 2836 Scona
1776 2789 1957 2836 ordinis
1979 2789 2143 2859 San-&i
2166 2790 2423 2854 Augustini
2445 2791 2595 2840 Sanc-

673 2883 889 2930 tiandree
912 2878 1108 2930 diocesis
1131 2881 1351 2928 Salutem
1374 2886 1425 2927 et
1456 2878 1759 2941 apostolicam
1793 2880 2173 2928 benedictionem
2207 2880 2421 2944 exposcit
2455 2883 2596 2929 devo-

674 2974 817 3019 tionis
850 2970 1004 3020 vestre
1037 2969 1281 3019 sinceritas
1314 2977 1366 3018 et
1400 2970 1664 3033 Religionis
1702 2976 2002 3031 promeretur
2034 2970 2253 3020 honestas
2287 2980 2343 3020 ut
2376 2980 2476 3021 tam
2513 2988 2596 3019 vos

675 3078 792 3123 quos
825 3061 1013 3124 speciali
1048 3062 1300 3110 dilectione
1332 3061 1659 3123 prosequimur
1691 3075 1835 3122 quam
1872 3060 2210 3119 monasterium
2244 3061 2452 3110 vestrum
2487 3079 2599 3110 con-

677 3153 830 3215 dignis
851 3153 1107 3200 honoribus
1130 3152 1408 3200 attollamus
1443 3151 1574 3199 Hine
1596 3149 1666 3199 est
1689 3152 1815 3212 quod
1840 3166 1926 3199 nos
1950 3151 2116 3200 vestris
2141 3154 2191 3200 in
2214 3154 2303 3202 hac
2334 3161 2470 3215 parte
2491 3153 2598 3216 sup·

678 3242 1010 3303 plicationibus
1033 3243 1249 3290 inclinati
1272 3248 1328 3288 ut
1351 3248 1407 3289 tu
1430 3242 1499 3289 fili
1522 3241 1689 3289 Abbas
1712 3246 1769 3288 ut
1791 3238 2070 3290 successores
2092 3244 2166 3290 tui
2189 3244 2301 3291 diai
2330 3242 2598 3292 monasterii
