<?xml version="1.0" encoding="UTF-8"?>
<!DOCTYPE html PUBLIC "-//W3C//DTD XHTML 1.0 Transitional//EN"
    "http://www.w3.org/TR/xhtml1/DTD/xhtml1-transitional.dtd">
<html xmlns="http://www.w3.org/1999/xhtml" xml:lang="en" lang="en">
 <head>
  <title>
</title>
<meta http-equiv="Content-Type" content="text/html;charset=utf-8" />
  <meta name='ocr-system' content='tesseract 3.04.00' />
  <meta name='ocr-capabilities' content='ocr_page ocr_carea ocr_par ocr_line ocrx_word'/>
</head>
<body>
  <div class='ocr_page' id='page_1' title='image "./liberecclesiedes78sconuoft/liberecclesiedes78sconuoft_0050.png"; bbox 0 0 2982 4016; ppageno 0'>
   <div class='ocr_carea' id='block_1_1' title="bbox 680 477 2612 533">
    <p class='ocr_par' dir='ltr' id='par_1_1' title="bbox 680 477 2612 533">
     <span class='ocr_line' id='line_1_1' title="bbox 680 477 2612 533; baseline -0.006 0"><span class='ocrx_word' id='word_1_1' title='bbox 680 493 707 533; x_wconf 76' lang='lat'><strong>2</strong></span> <span class='ocrx_word' id='word_1_2' title='bbox 1364 481 1573 528; x_wconf 90' lang='lat' dir='ltr'>LIBER</span> <span class='ocrx_word' id='word_1_3' title='bbox 1608 477 1938 526; x_wconf 87' lang='lat' dir='ltr'>ECCLESIE</span> <span class='ocrx_word' id='word_1_4' title='bbox 2392 490 2491 524; x_wconf 68' lang='lat' dir='ltr'><strong>sec.</strong></span> <span class='ocrx_word' id='word_1_5' title='bbox 2519 490 2612 522; x_wconf 73' lang='grc' dir='ltr'><strong>ΧΠ.</strong></span> 
     </span>
    </p>
   </div>
   <div class='ocr_carea' id='block_1_2' title="bbox 679 608 2641 3318">
    <p class='ocr_par' dir='ltr' id='par_1_2' title="bbox 679 608 2641 3318">
     <span class='ocr_line' id='line_1_2' title="bbox 679 608 2616 676; baseline -0.006 -11"><span class='ocrx_word' id='word_1_6' title='bbox 679 619 891 665; x_wconf 86' lang='lat' dir='ltr'><strong>innotuit</strong></span> <span class='ocrx_word' id='word_1_7' title='bbox 912 613 1111 663; x_wconf 89' lang='lat' dir='ltr'><strong>honesto</strong></span> <span class='ocrx_word' id='word_1_8' title='bbox 1136 615 1390 676; x_wconf 89' lang='lat' dir='ltr'><strong>proborum</strong></span> <span class='ocrx_word' id='word_1_9' title='bbox 1410 613 1618 658; x_wconf 83' lang='lat' dir='ltr'><strong>virorum</strong></span> <span class='ocrx_word' id='word_1_10' title='bbox 1637 609 1831 657; x_wconf 74' lang='lat' dir='ltr'><strong>consilio</strong></span> <span class='ocrx_word' id='word_1_11' title='bbox 1849 626 1878 656; x_wconf 88' lang='lat' dir='ltr'><strong>a</strong></span> <span class='ocrx_word' id='word_1_12' title='bbox 1896 610 2104 670; x_wconf 90' lang='lat' dir='ltr'><strong>dompno</strong></span> <span class='ocrx_word' id='word_1_13' title='bbox 2128 608 2436 655; x_wconf 89' lang='lat' dir='ltr'><strong>Adeluualdo</strong></span> <span class='ocrx_word' id='word_1_14' title='bbox 2461 609 2616 670; x_wconf 88' lang='lat' dir='ltr'><strong>priore</strong></span> 
     </span>
     <span class='ocr_line' id='line_1_3' title="bbox 682 697 2617 770; baseline -0.006 -14"><span class='ocrx_word' id='word_1_15' title='bbox 682 710 920 770; x_wconf 83' lang='lat' dir='ltr'><strong>requirere</strong></span> <span class='ocrx_word' id='word_1_16' title='bbox 1003 707 1189 763; x_wconf 84' lang='lat' dir='ltr'><strong>Quibus</strong></span> <span class='ocrx_word' id='word_1_17' title='bbox 1224 706 1283 752; x_wconf 85' lang='lat' dir='ltr'><strong>ab</strong></span> <span class='ocrx_word' id='word_1_18' title='bbox 1318 702 1413 765; x_wconf 92' lang='lat' dir='ltr'><strong>ipso</strong></span> <span class='ocrx_word' id='word_1_19' title='bbox 1455 704 1610 763; x_wconf 89' lang='lat' dir='ltr'><strong>priore</strong></span> <span class='ocrx_word' id='word_1_20' title='bbox 1646 701 1783 747; x_wconf 88' lang='lat' dir='ltr'><strong>nobis</strong></span> <span class='ocrx_word' id='word_1_21' title='bbox 1818 697 2043 747; x_wconf 86' lang='lat' dir='ltr'><strong>conceffis</strong></span> <span class='ocrx_word' id='word_1_22' title='bbox 2079 701 2209 746; x_wconf 90' lang='lat' dir='ltr'><strong>omni</strong></span> <span class='ocrx_word' id='word_1_23' title='bbox 2244 697 2526 761; x_wconf 88' lang='lat' dir='ltr'><strong>profeffione</strong></span> <span class='ocrx_word' id='word_1_24' title='bbox 2567 706 2617 745; x_wconf 86' lang='lat' dir='ltr'><strong>et</strong></span> 
     </span>
     <span class='ocr_line' id='line_1_4' title="bbox 680 789 2616 852; baseline -0.006 -5"><span class='ocrx_word' id='word_1_25' title='bbox 680 800 970 847; x_wconf 66' lang='lat' dir='ltr'><strong>subiectione</strong></span> <span class='ocrx_word' id='word_1_26' title='bbox 1005 798 1165 844; x_wconf 90' lang='lat' dir='ltr'><strong>liberis</strong></span> <span class='ocrx_word' id='word_1_27' title='bbox 1206 801 1256 842; x_wconf 88' lang='lat' dir='ltr'><strong>et</strong></span> <span class='ocrx_word' id='word_1_28' title='bbox 1291 793 1456 840; x_wconf 88' lang='lat' dir='ltr'><strong>solutis</strong></span> <span class='ocrx_word' id='word_1_29' title='bbox 1497 807 1660 840; x_wconf 89' lang='lat' dir='ltr'><strong>curam</strong></span> <span class='ocrx_word' id='word_1_30' title='bbox 1702 797 1753 839; x_wconf 90' lang='lat' dir='ltr'><strong>et</strong></span> <span class='ocrx_word' id='word_1_31' title='bbox 1787 790 2051 838; x_wconf 89' lang='lat' dir='ltr'><strong>custodiam</strong></span> <span class='ocrx_word' id='word_1_32' title='bbox 2085 792 2270 852; x_wconf 89' lang='lat' dir='ltr'><strong>prefate</strong></span> <span class='ocrx_word' id='word_1_33' title='bbox 2317 790 2516 839; x_wconf 86' lang='lat' dir='ltr'><strong>ecclefie</strong></span> <span class='ocrx_word' id='word_1_34' title='bbox 2555 789 2616 836; x_wconf 84' lang='lat' dir='ltr'><strong>fic</strong></span> 
     </span>
     <span class='ocr_line' id='line_1_5' title="bbox 682 881 2619 939; baseline -0.005 -1"><span class='ocrx_word' id='word_1_35' title='bbox 682 888 1001 939; x_wconf 79' lang='lat' dir='ltr'><strong>commisimus</strong></span> <span class='ocrx_word' id='word_1_36' title='bbox 1035 895 1090 934; x_wconf 93' lang='lat' dir='ltr'><strong>ut</strong></span> <span class='ocrx_word' id='word_1_37' title='bbox 1125 888 1340 934; x_wconf 88' lang='lat' dir='ltr'><strong>ordinem</strong></span> <span class='ocrx_word' id='word_1_38' title='bbox 1375 885 1440 931; x_wconf 93' lang='lat' dir='ltr'><strong>ibi</strong></span> <span class='ocrx_word' id='word_1_39' title='bbox 1478 882 1772 931; x_wconf 88' lang='lat' dir='ltr'><strong>constituant</strong></span> <span class='ocrx_word' id='word_1_40' title='bbox 1807 884 1867 930; x_wconf 87' lang='lat' dir='ltr'><strong>ad</strong></span> <span class='ocrx_word' id='word_1_41' title='bbox 1902 881 2207 930; x_wconf 88' lang='lat' dir='ltr'><strong>seruiendum</strong></span> <span class='ocrx_word' id='word_1_42' title='bbox 2249 881 2357 928; x_wconf 90' lang='lat' dir='ltr'><strong>Deo</strong></span> <span class='ocrx_word' id='word_1_43' title='bbox 2391 884 2619 929; x_wconf 85' lang='lat' dir='ltr'><strong>canonice</strong></span> 
     </span>
     <span class='ocr_line' id='line_1_6' title="bbox 683 970 2620 1041; baseline -0.005 -12"><span class='ocrx_word' id='word_1_44' title='bbox 683 982 941 1029; x_wconf 89' lang='lat' dir='ltr'><strong>secundum</strong></span> <span class='ocrx_word' id='word_1_45' title='bbox 976 978 1190 1041; x_wconf 85' lang='lat' dir='ltr'><strong>regulam</strong></span> <span class='ocrx_word' id='word_1_46' title='bbox 1229 976 1374 1023; x_wconf 67' lang='lat' dir='ltr'><strong>sanffi</strong></span> <span class='ocrx_word' id='word_1_47' title='bbox 1413 973 1674 1037; x_wconf 83' lang='lat' dir='ltr'><strong>Augustini</strong></span> <span class='ocrx_word' id='word_1_48' title='bbox 1749 974 1917 1021; x_wconf 86' lang='lat' dir='ltr'><strong>Terras</strong></span> <span class='ocrx_word' id='word_1_49' title='bbox 1953 975 2099 1020; x_wconf 88' lang='lat' dir='ltr'><strong>etiam</strong></span> <span class='ocrx_word' id='word_1_50' title='bbox 2142 979 2192 1021; x_wconf 87' lang='lat' dir='ltr'><strong>et</strong></span> <span class='ocrx_word' id='word_1_51' title='bbox 2231 970 2530 1035; x_wconf 84' lang='lat' dir='ltr'><strong>pofl&#39;effiones</strong></span> <span class='ocrx_word' id='word_1_52' title='bbox 2571 981 2620 1020; x_wconf 91' lang='lat' dir='ltr'><strong>et</strong></span> 
     </span>
     <span class='ocr_line' id='line_1_7' title="bbox 684 1062 2622 1129; baseline -0.005 -9"><span class='ocrx_word' id='word_1_53' title='bbox 684 1071 1050 1120; x_wconf 84' lang='lat' dir='ltr'><strong>consuetudines</strong></span> <span class='ocrx_word' id='word_1_54' title='bbox 1085 1067 1369 1129; x_wconf 87' lang='lat' dir='ltr'><strong>subscriptas</strong></span> <span class='ocrx_word' id='word_1_55' title='bbox 1393 1067 1550 1113; x_wconf 90' lang='lat' dir='ltr'><strong>eidem</strong></span> <span class='ocrx_word' id='word_1_56' title='bbox 1586 1064 1784 1113; x_wconf 73' lang='lat' dir='ltr'><strong>ecclesie</strong></span> <span class='ocrx_word' id='word_1_57' title='bbox 1813 1081 1899 1127; x_wconf 89' lang='lat' dir='ltr'><strong>pro</strong></span> <span class='ocrx_word' id='word_1_58' title='bbox 1934 1062 2282 1127; x_wconf 72' lang='lat' dir='ltr'><strong>nobismetipsis</strong></span> <span class='ocrx_word' id='word_1_59' title='bbox 2317 1072 2367 1112; x_wconf 90' lang='lat' dir='ltr'><strong>et</strong></span> <span class='ocrx_word' id='word_1_60' title='bbox 2402 1081 2487 1126; x_wconf 90' lang='lat' dir='ltr'><strong>pro</strong></span> <span class='ocrx_word' id='word_1_61' title='bbox 2523 1067 2622 1112; x_wconf 90' lang='lat' dir='ltr'><strong>ani-</strong></span> 
     </span>
     <span class='ocr_line' id='line_1_8' title="bbox 684 1155 2624 1223; baseline -0.004 -13"><span class='ocrx_word' id='word_1_62' title='bbox 684 1164 850 1211; x_wconf 87' lang='lat' dir='ltr'><strong>mabus</strong></span> <span class='ocrx_word' id='word_1_63' title='bbox 874 1169 1065 1223; x_wconf 89' lang='lat' dir='ltr'><strong>patrum</strong></span> <span class='ocrx_word' id='word_1_64' title='bbox 1091 1166 1140 1207; x_wconf 89' lang='lat' dir='ltr'><strong>et</strong></span> <span class='ocrx_word' id='word_1_65' title='bbox 1165 1166 1374 1206; x_wconf 89' lang='lat' dir='ltr'><strong>matrum</strong></span> <span class='ocrx_word' id='word_1_66' title='bbox 1400 1165 1450 1205; x_wconf 90' lang='lat' dir='ltr'><strong>et</strong></span> <span class='ocrx_word' id='word_1_67' title='bbox 1474 1159 1676 1204; x_wconf 77' lang='lat' dir='ltr'><strong>fratrum</strong></span> <span class='ocrx_word' id='word_1_68' title='bbox 1701 1163 1752 1203; x_wconf 89' lang='lat' dir='ltr'><strong>et</strong></span> <span class='ocrx_word' id='word_1_69' title='bbox 1775 1155 1987 1203; x_wconf 88' lang='lat' dir='ltr'><strong>sororum</strong></span> <span class='ocrx_word' id='word_1_70' title='bbox 2006 1163 2056 1203; x_wconf 88' lang='lat' dir='ltr'><strong>et</strong></span> <span class='ocrx_word' id='word_1_71' title='bbox 2080 1155 2423 1204; x_wconf 84' lang='lat' dir='ltr'><strong>antecefl&#39;orum</strong></span> <span class='ocrx_word' id='word_1_72' title='bbox 2450 1165 2500 1203; x_wconf 89' lang='lat' dir='ltr'><strong>et</strong></span> <span class='ocrx_word' id='word_1_73' title='bbox 2524 1156 2624 1203; x_wconf 89' lang='lat' dir='ltr'><strong>suc-</strong></span> 
     </span>
     <span class='ocr_line' id='line_1_9' title="bbox 685 1245 2624 1311; baseline -0.004 -9"><span class='ocrx_word' id='word_1_74' title='bbox 685 1252 910 1303; x_wconf 83' lang='lat' dir='ltr'><strong>cefforum</strong></span> <span class='ocrx_word' id='word_1_75' title='bbox 945 1250 1210 1299; x_wconf 87' lang='lat' dir='ltr'><strong>nostrorum</strong></span> <span class='ocrx_word' id='word_1_76' title='bbox 1234 1250 1450 1297; x_wconf 87' lang='lat' dir='ltr'><strong>fidelium</strong></span> <span class='ocrx_word' id='word_1_77' title='bbox 1464 1251 1576 1311; x_wconf 87' lang='lat' dir='ltr'><strong>jure</strong></span> <span class='ocrx_word' id='word_1_78' title='bbox 1607 1257 1842 1311; x_wconf 83' lang='lat' dir='ltr'><strong>perpetuo</strong></span> <span class='ocrx_word' id='word_1_79' title='bbox 1866 1245 2165 1309; x_wconf 87' lang='lat' dir='ltr'><strong>poffidendas</strong></span> <span class='ocrx_word' id='word_1_80' title='bbox 2200 1249 2506 1295; x_wconf 82' lang='lat' dir='ltr'><strong>concedimus</strong></span> <span class='ocrx_word' id='word_1_81' title='bbox 2559 1247 2624 1293; x_wconf 84' lang='lat' dir='ltr'><strong>Et</strong></span> 
     </span>
     <span class='ocr_line' id='line_1_10' title="bbox 684 1338 2626 1406; baseline -0.004 -13"><span class='ocrx_word' id='word_1_82' title='bbox 684 1362 745 1393; x_wconf 89' lang='lat' dir='ltr'><strong>ne</strong></span> <span class='ocrx_word' id='word_1_83' title='bbox 770 1347 875 1406; x_wconf 88' lang='lat' dir='ltr'><strong>quis</strong></span> <span class='ocrx_word' id='word_1_84' title='bbox 893 1343 1135 1406; x_wconf 87' lang='lat' dir='ltr'><strong>sacrilegio</strong></span> <span class='ocrx_word' id='word_1_85' title='bbox 1154 1340 1266 1389; x_wconf 89' lang='lat' dir='ltr'><strong>ausu</strong></span> <span class='ocrx_word' id='word_1_86' title='bbox 1290 1342 1378 1388; x_wconf 90' lang='lat' dir='ltr'><strong>hec</strong></span> <span class='ocrx_word' id='word_1_87' title='bbox 1398 1341 1576 1387; x_wconf 87' lang='lat' dir='ltr'><strong>violare</strong></span> <span class='ocrx_word' id='word_1_88' title='bbox 1599 1338 1841 1402; x_wconf 86' lang='lat' dir='ltr'><strong>presumat</strong></span> <span class='ocrx_word' id='word_1_89' title='bbox 1865 1341 1997 1402; x_wconf 88' lang='lat' dir='ltr'><strong>regia</strong></span> <span class='ocrx_word' id='word_1_90' title='bbox 2019 1341 2304 1386; x_wconf 65' lang='lat' dir='ltr'><strong>aufflmritate</strong></span> <span class='ocrx_word' id='word_1_91' title='bbox 2329 1341 2469 1386; x_wconf 91' lang='lat' dir='ltr'><strong>huius</strong></span> <span class='ocrx_word' id='word_1_92' title='bbox 2494 1346 2626 1386; x_wconf 87' lang='lat' dir='ltr'><strong>carte</strong></span> 
     </span>
     <span class='ocr_line' id='line_1_11' title="bbox 684 1428 2626 1493; baseline -0.004 -9"><span class='ocrx_word' id='word_1_93' title='bbox 684 1435 956 1484; x_wconf 89' lang='lat' dir='ltr'><strong>testimonio</strong></span> <span class='ocrx_word' id='word_1_94' title='bbox 992 1434 1326 1482; x_wconf 90' lang='lat' dir='ltr'><strong>confirmamus</strong></span> <span class='ocrx_word' id='word_1_95' title='bbox 1383 1432 1528 1478; x_wconf 89' lang='lat' dir='ltr'><strong>Terre</strong></span> <span class='ocrx_word' id='word_1_96' title='bbox 1552 1438 1716 1478; x_wconf 90' lang='lat' dir='ltr'><strong>autem</strong></span> <span class='ocrx_word' id='word_1_97' title='bbox 1742 1437 1792 1478; x_wconf 87' lang='lat' dir='ltr'><strong>et</strong></span> <span class='ocrx_word' id='word_1_98' title='bbox 1815 1428 2114 1493; x_wconf 82' lang='lat' dir='ltr'><strong>poffeffiones</strong></span> <span class='ocrx_word' id='word_1_99' title='bbox 2150 1432 2239 1478; x_wconf 92' lang='lat' dir='ltr'><strong>hec</strong></span> <span class='ocrx_word' id='word_1_100' title='bbox 2263 1431 2374 1478; x_wconf 87' lang='lat' dir='ltr'><strong>sunt</strong></span> <span class='ocrx_word' id='word_1_101' title='bbox 2404 1431 2626 1478; x_wconf 88' lang='lat' dir='ltr'><strong>Infervus</strong></span> 
     </span>
     <span class='ocr_line' id='line_1_12' title="bbox 689 1522 2626 1588; baseline -0.003 -14"><span class='ocrx_word' id='word_1_102' title='bbox 689 1544 798 1575; x_wconf 92' lang='lat' dir='ltr'><strong>cum</strong></span> <span class='ocrx_word' id='word_1_103' title='bbox 839 1528 1050 1588; x_wconf 87' lang='lat' dir='ltr'><strong>quinque</strong></span> <span class='ocrx_word' id='word_1_104' title='bbox 1096 1526 1331 1572; x_wconf 83' lang='lat' dir='ltr'><strong>carucatis</strong></span> <span class='ocrx_word' id='word_1_105' title='bbox 1378 1530 1504 1570; x_wconf 83' lang='lat' dir='ltr'><strong>terre</strong></span> <span class='ocrx_word' id='word_1_106' title='bbox 1546 1522 1820 1570; x_wconf 88' lang='lat' dir='ltr'><strong>Benchorin</strong></span> <span class='ocrx_word' id='word_1_107' title='bbox 1866 1538 1977 1570; x_wconf 91' lang='lat' dir='ltr'><strong>cum</strong></span> <span class='ocrx_word' id='word_1_108' title='bbox 2024 1523 2178 1570; x_wconf 83' lang='lat' dir='ltr'><strong>tribus</strong></span> <span class='ocrx_word' id='word_1_109' title='bbox 2219 1524 2453 1570; x_wconf 82' lang='lat' dir='ltr'><strong>carucatis</strong></span> <span class='ocrx_word' id='word_1_110' title='bbox 2499 1530 2626 1569; x_wconf 86' lang='lat' dir='ltr'><strong>terre</strong></span> 
     </span>
     <span class='ocr_line' id='line_1_13' title="bbox 688 1613 2623 1677; baseline -0.003 -11"><span class='ocrx_word' id='word_1_111' title='bbox 688 1620 920 1666; x_wconf 91' lang='lat' dir='ltr'><strong>Fotheros</strong></span> <span class='ocrx_word' id='word_1_112' title='bbox 945 1633 1053 1664; x_wconf 91' lang='lat' dir='ltr'><strong>cum</strong></span> <span class='ocrx_word' id='word_1_113' title='bbox 1080 1632 1172 1662; x_wconf 88' lang='lat' dir='ltr'><strong>vna</strong></span> <span class='ocrx_word' id='word_1_114' title='bbox 1195 1620 1417 1662; x_wconf 89' lang='lat' dir='ltr'><strong>carucata</strong></span> <span class='ocrx_word' id='word_1_115' title='bbox 1442 1614 1759 1676; x_wconf 87' lang='lat' dir='ltr'><strong>Kynochtred</strong></span> <span class='ocrx_word' id='word_1_116' title='bbox 1784 1631 1894 1662; x_wconf 89' lang='lat' dir='ltr'><strong>cum</strong></span> <span class='ocrx_word' id='word_1_117' title='bbox 1919 1631 2013 1662; x_wconf 89' lang='lat' dir='ltr'><strong>vna</strong></span> <span class='ocrx_word' id='word_1_118' title='bbox 2036 1621 2258 1662; x_wconf 86' lang='lat' dir='ltr'><strong>carucata</strong></span> <span class='ocrx_word' id='word_1_119' title='bbox 2282 1614 2321 1660; x_wconf 90' lang='lat' dir='ltr'><strong>F</strong></span> <span class='ocrx_word' id='word_1_120' title='bbox 2323 1613 2488 1677; x_wconf 77' lang='lat' dir='ltr'><strong>ingalk</strong></span> <span class='ocrx_word' id='word_1_121' title='bbox 2513 1631 2623 1661; x_wconf 91' lang='lat' dir='ltr'><strong>cum</strong></span> 
     </span>
     <span class='ocr_line' id='line_1_14' title="bbox 689 1705 2627 1759; baseline -0.003 -2"><span class='ocrx_word' id='word_1_122' title='bbox 689 1728 781 1759; x_wconf 89' lang='lat' dir='ltr'><strong>vna</strong></span> <span class='ocrx_word' id='word_1_123' title='bbox 815 1715 1036 1757; x_wconf 89' lang='lat' dir='ltr'><strong>carucata</strong></span> <span class='ocrx_word' id='word_1_124' title='bbox 1070 1707 1334 1754; x_wconf 89' lang='lat' dir='ltr'><strong>Dufrothni</strong></span> <span class='ocrx_word' id='word_1_125' title='bbox 1369 1722 1479 1753; x_wconf 91' lang='lat' dir='ltr'><strong>cum</strong></span> <span class='ocrx_word' id='word_1_126' title='bbox 1516 1706 1669 1753; x_wconf 86' lang='lat' dir='ltr'><strong>tribus</strong></span> <span class='ocrx_word' id='word_1_127' title='bbox 1705 1707 1939 1753; x_wconf 84' lang='lat' dir='ltr'><strong>carucatis</strong></span> <span class='ocrx_word' id='word_1_128' title='bbox 1975 1705 2129 1752; x_wconf 89' lang='lat' dir='ltr'><strong>Cleon</strong></span> <span class='ocrx_word' id='word_1_129' title='bbox 2164 1720 2272 1751; x_wconf 90' lang='lat' dir='ltr'><strong>cum</strong></span> <span class='ocrx_word' id='word_1_130' title='bbox 2308 1705 2463 1751; x_wconf 86' lang='lat' dir='ltr'><strong>tribus</strong></span> <span class='ocrx_word' id='word_1_131' title='bbox 2493 1719 2627 1751; x_wconf 85' lang='lat' dir='ltr'><strong>caru-</strong></span> 
     </span>
     <span class='ocr_line' id='line_1_15' title="bbox 688 1795 2625 1858; baseline -0.004 -9"><span class='ocrx_word' id='word_1_132' title='bbox 688 1804 805 1850; x_wconf 85' lang='lat' dir='ltr'><strong>catis</strong></span> <span class='ocrx_word' id='word_1_133' title='bbox 842 1800 943 1847; x_wconf 89' lang='lat' dir='ltr'><strong>Liff</strong></span> <span class='ocrx_word' id='word_1_134' title='bbox 970 1815 1079 1846; x_wconf 90' lang='lat' dir='ltr'><strong>cum</strong></span> <span class='ocrx_word' id='word_1_135' title='bbox 1103 1796 1184 1844; x_wconf 85' lang='lat' dir='ltr'><strong>sex</strong></span> <span class='ocrx_word' id='word_1_136' title='bbox 1209 1799 1443 1844; x_wconf 84' lang='lat' dir='ltr'><strong>carucatis</strong></span> <span class='ocrx_word' id='word_1_137' title='bbox 1479 1797 1668 1844; x_wconf 91' lang='lat' dir='ltr'><strong>Grudin</strong></span> <span class='ocrx_word' id='word_1_138' title='bbox 1693 1814 1802 1844; x_wconf 91' lang='lat' dir='ltr'><strong>cum</strong></span> <span class='ocrx_word' id='word_1_139' title='bbox 1840 1798 2006 1844; x_wconf 91' lang='lat' dir='ltr'><strong>decem</strong></span> <span class='ocrx_word' id='word_1_140' title='bbox 2037 1797 2271 1843; x_wconf 88' lang='lat' dir='ltr'><strong>carucatis</strong></span> <span class='ocrx_word' id='word_1_141' title='bbox 2307 1795 2625 1858; x_wconf 88' lang='lat' dir='ltr'><strong>Inuergourin</strong></span> 
     </span>
     <span class='ocr_line' id='line_1_16' title="bbox 690 1886 2628 1950; baseline -0.004 -10"><span class='ocrx_word' id='word_1_142' title='bbox 690 1910 798 1941; x_wconf 88' lang='lat' dir='ltr'><strong>cum</strong></span> <span class='ocrx_word' id='word_1_143' title='bbox 834 1893 987 1939; x_wconf 90' lang='lat' dir='ltr'><strong>tribus</strong></span> <span class='ocrx_word' id='word_1_144' title='bbox 1022 1891 1255 1938; x_wconf 87' lang='lat' dir='ltr'><strong>carucatis</strong></span> <span class='ocrx_word' id='word_1_145' title='bbox 1290 1895 1340 1935; x_wconf 91' lang='lat' dir='ltr'><strong>et</strong></span> <span class='ocrx_word' id='word_1_146' title='bbox 1370 1890 1581 1950; x_wconf 90' lang='lat' dir='ltr'><strong>quinque</strong></span> <span class='ocrx_word' id='word_1_147' title='bbox 1621 1886 1888 1936; x_wconf 76' lang='lat' dir='ltr'><strong>mansiones</strong></span> <span class='ocrx_word' id='word_1_148' title='bbox 1924 1890 2154 1935; x_wconf 91' lang='lat' dir='ltr'><strong>domuum</strong></span> <span class='ocrx_word' id='word_1_149' title='bbox 2191 1903 2333 1935; x_wconf 86' lang='lat' dir='ltr'><strong>vnam</strong></span> <span class='ocrx_word' id='word_1_150' title='bbox 2371 1888 2498 1949; x_wconf 91' lang='lat' dir='ltr'><strong>apud</strong></span> <span class='ocrx_word' id='word_1_151' title='bbox 2531 1887 2628 1933; x_wconf 90' lang='lat' dir='ltr'><strong>Ed-</strong></span> 
     </span>
     <span class='ocr_line' id='line_1_17' title="bbox 691 1979 2627 2045; baseline -0.004 -14"><span class='ocrx_word' id='word_1_152' title='bbox 691 1981 957 2045; x_wconf 83' lang='lat' dir='ltr'><strong>uenesburg</strong></span> <span class='ocrx_word' id='word_1_153' title='bbox 981 1988 1031 2029; x_wconf 93' lang='lat' dir='ltr'><strong>et</strong></span> <span class='ocrx_word' id='word_1_154' title='bbox 1062 1997 1206 2028; x_wconf 89' lang='lat' dir='ltr'><strong>vnam</strong></span> <span class='ocrx_word' id='word_1_155' title='bbox 1230 1981 1356 2041; x_wconf 92' lang='lat' dir='ltr'><strong>apud</strong></span> <span class='ocrx_word' id='word_1_156' title='bbox 1381 1979 1615 2027; x_wconf 85' lang='lat' dir='ltr'><strong>Striuelin</strong></span> <span class='ocrx_word' id='word_1_157' title='bbox 1639 1987 1690 2028; x_wconf 89' lang='lat' dir='ltr'><strong>et</strong></span> <span class='ocrx_word' id='word_1_158' title='bbox 1715 1996 1858 2028; x_wconf 81' lang='lat' dir='ltr'><strong>vnam</strong></span> <span class='ocrx_word' id='word_1_159' title='bbox 1882 1981 2008 2041; x_wconf 89' lang='lat' dir='ltr'><strong>apud</strong></span> <span class='ocrx_word' id='word_1_160' title='bbox 2033 1979 2384 2041; x_wconf 83' lang='lat' dir='ltr'><strong>Inuerkethyin</strong></span> <span class='ocrx_word' id='word_1_161' title='bbox 2409 1985 2460 2025; x_wconf 91' lang='lat' dir='ltr'><strong>et</strong></span> <span class='ocrx_word' id='word_1_162' title='bbox 2485 1994 2627 2025; x_wconf 89' lang='lat' dir='ltr'><strong>vnam</strong></span> 
     </span>
     <span class='ocr_line' id='line_1_18' title="bbox 692 2067 2630 2137; baseline -0.004 -15"><span class='ocrx_word' id='word_1_163' title='bbox 692 2076 817 2137; x_wconf 90' lang='lat' dir='ltr'><strong>apud</strong></span> <span class='ocrx_word' id='word_1_164' title='bbox 842 2074 993 2120; x_wconf 88' lang='lat' dir='ltr'><strong>Perth</strong></span> <span class='ocrx_word' id='word_1_165' title='bbox 1028 2079 1079 2120; x_wconf 91' lang='lat' dir='ltr'><strong>at</strong></span> <span class='ocrx_word' id='word_1_166' title='bbox 1103 2088 1246 2119; x_wconf 90' lang='lat' dir='ltr'><strong>vnam</strong></span> <span class='ocrx_word' id='word_1_167' title='bbox 1282 2072 1407 2133; x_wconf 91' lang='lat' dir='ltr'><strong>apud</strong></span> <span class='ocrx_word' id='word_1_168' title='bbox 1431 2070 1664 2119; x_wconf 90' lang='lat' dir='ltr'><strong>Aberdon</strong></span> <span class='ocrx_word' id='word_1_169' title='bbox 1690 2076 1742 2118; x_wconf 91' lang='lat' dir='ltr'><strong>et</strong></span> <span class='ocrx_word' id='word_1_170' title='bbox 1776 2071 2163 2117; x_wconf 89' lang='lat' dir='ltr'><strong>communionem</strong></span> <span class='ocrx_word' id='word_1_171' title='bbox 2202 2085 2325 2130; x_wconf 87' lang='lat' dir='ltr'><strong>aque</strong></span> <span class='ocrx_word' id='word_1_172' title='bbox 2350 2070 2409 2115; x_wconf 90' lang='lat' dir='ltr'><strong>de</strong></span> <span class='ocrx_word' id='word_1_173' title='bbox 2432 2067 2550 2114; x_wconf 86' lang='lat' dir='ltr'><strong>Thei</strong></span> <span class='ocrx_word' id='word_1_174' title='bbox 2574 2074 2630 2114; x_wconf 88' lang='lat' dir='ltr'><strong>ut</strong></span> 
     </span>
     <span class='ocr_line' id='line_1_19' title="bbox 691 2157 2631 2227; baseline -0.004 -14"><span class='ocrx_word' id='word_1_175' title='bbox 691 2170 742 2212; x_wconf 90' lang='lat' dir='ltr'><strong>in</strong></span> <span class='ocrx_word' id='word_1_176' title='bbox 766 2183 822 2213; x_wconf 88' lang='lat' dir='ltr'><strong>ea</strong></span> <span class='ocrx_word' id='word_1_177' title='bbox 854 2162 1027 2227; x_wconf 87' lang='lat' dir='ltr'><strong>poflint</strong></span> <span class='ocrx_word' id='word_1_178' title='bbox 1061 2163 1226 2226; x_wconf 83' lang='lat' dir='ltr'><strong>piscari</strong></span> <span class='ocrx_word' id='word_1_179' title='bbox 1261 2161 1382 2211; x_wconf 86' lang='lat' dir='ltr'><strong>ficut</strong></span> <span class='ocrx_word' id='word_1_180' title='bbox 1412 2164 1471 2210; x_wconf 88' lang='lat' dir='ltr'><strong>ad</strong></span> <span class='ocrx_word' id='word_1_181' title='bbox 1497 2179 1616 2226; x_wconf 89' lang='lat' dir='ltr'><strong>opus</strong></span> <span class='ocrx_word' id='word_1_182' title='bbox 1639 2164 1763 2226; x_wconf 87' lang='lat' dir='ltr'><strong>regis</strong></span> <span class='ocrx_word' id='word_1_183' title='bbox 1799 2168 1850 2209; x_wconf 91' lang='lat' dir='ltr'><strong>et</strong></span> <span class='ocrx_word' id='word_1_184' title='bbox 1874 2177 1963 2208; x_wconf 89' lang='lat' dir='ltr'><strong>can</strong></span> <span class='ocrx_word' id='word_1_185' title='bbox 1986 2162 2129 2207; x_wconf 91' lang='lat' dir='ltr'><strong>unius</strong></span> <span class='ocrx_word' id='word_1_186' title='bbox 2162 2161 2297 2207; x_wconf 87' lang='lat' dir='ltr'><strong>nauis</strong></span> <span class='ocrx_word' id='word_1_187' title='bbox 2320 2157 2419 2206; x_wconf 88' lang='lat' dir='ltr'><strong>fiue</strong></span> <span class='ocrx_word' id='word_1_188' title='bbox 2442 2160 2631 2221; x_wconf 89' lang='lat' dir='ltr'><strong>proprie</strong></span> 
     </span>
     <span class='ocr_line' id='line_1_20' title="bbox 695 2240 2633 2318; baseline -0.005 -12"><span class='ocrx_word' id='word_1_189' title='bbox 695 2261 830 2307; x_wconf 89' lang='lat' dir='ltr'><strong>nauis</strong></span> <span class='ocrx_word' id='word_1_190' title='bbox 864 2260 1064 2305; x_wconf 85' lang='lat' dir='ltr'><strong>fratrum</strong></span> <span class='ocrx_word' id='word_1_191' title='bbox 1098 2255 1195 2304; x_wconf 90' lang='lat' dir='ltr'><strong>fiue</strong></span> <span class='ocrx_word' id='word_1_192' title='bbox 1230 2258 1358 2304; x_wconf 89' lang='lat' dir='ltr'><strong>illius</strong></span> <span class='ocrx_word' id='word_1_193' title='bbox 1395 2272 1540 2318; x_wconf 90' lang='lat' dir='ltr'><strong>quem</strong></span> <span class='ocrx_word' id='word_1_194' title='bbox 1574 2255 1922 2318; x_wconf 90' lang='lat' dir='ltr'><strong>proloquentur</strong></span> <span class='ocrx_word' id='word_1_195' title='bbox 1957 2259 2007 2300; x_wconf 82' lang='lat' dir='ltr'><strong>et</strong></span> <span class='ocrx_word' id='word_1_196' title='bbox 2036 2240 2351 2300; x_wconf 87' lang='lat' dir='ltr'><strong>medietatem</strong></span> <span class='ocrx_word' id='word_1_197' title='bbox 2395 2252 2633 2298; x_wconf 89' lang='lat' dir='ltr'><strong>coriorum</strong></span> 
     </span>
     <span class='ocr_line' id='line_1_21' title="bbox 697 2343 2633 2412; baseline -0.005 -15"><span class='ocrx_word' id='word_1_198' title='bbox 697 2353 755 2398; x_wconf 87' lang='lat' dir='ltr'><strong>ad</strong></span> <span class='ocrx_word' id='word_1_199' title='bbox 790 2351 1042 2411; x_wconf 89' lang='lat' dir='ltr'><strong>coquinam</strong></span> <span class='ocrx_word' id='word_1_200' title='bbox 1076 2350 1199 2412; x_wconf 88' lang='lat' dir='ltr'><strong>regis</strong></span> <span class='ocrx_word' id='word_1_201' title='bbox 1233 2349 1586 2411; x_wconf 90' lang='lat' dir='ltr'><strong>pertinencium</strong></span> <span class='ocrx_word' id='word_1_202' title='bbox 1622 2352 1674 2394; x_wconf 90' lang='lat' dir='ltr'><strong>et</strong></span> <span class='ocrx_word' id='word_1_203' title='bbox 1703 2361 1869 2394; x_wconf 87' lang='lat' dir='ltr'><strong>omnes</strong></span> <span class='ocrx_word' id='word_1_204' title='bbox 1904 2344 2056 2407; x_wconf 87' lang='lat' dir='ltr'><strong>pelles</strong></span> <span class='ocrx_word' id='word_1_205' title='bbox 2091 2344 2316 2391; x_wconf 87' lang='lat' dir='ltr'><strong>arietinas</strong></span> <span class='ocrx_word' id='word_1_206' title='bbox 2351 2349 2401 2389; x_wconf 89' lang='lat' dir='ltr'><strong>et</strong></span> <span class='ocrx_word' id='word_1_207' title='bbox 2436 2343 2633 2405; x_wconf 88' lang='lat' dir='ltr'><strong>agninas</strong></span> 
     </span>
     <span class='ocr_line' id='line_1_22' title="bbox 699 2433 2634 2501; baseline -0.005 -13"><span class='ocrx_word' id='word_1_208' title='bbox 699 2449 749 2488; x_wconf 88' lang='lat' dir='ltr'><strong>et</strong></span> <span class='ocrx_word' id='word_1_209' title='bbox 782 2442 1093 2488; x_wconf 86' lang='lat' dir='ltr'><strong>medietatem</strong></span> <span class='ocrx_word' id='word_1_210' title='bbox 1128 2441 1259 2486; x_wconf 65' lang='lat' dir='ltr'><strong>unfiti</strong></span> <span class='ocrx_word' id='word_1_211' title='bbox 1289 2448 1339 2486; x_wconf 85' lang='lat' dir='ltr'><strong>et</strong></span> <span class='ocrx_word' id='word_1_212' title='bbox 1364 2438 1604 2501; x_wconf 83' lang='lat' dir='ltr'><strong>sagiminis</strong></span> <span class='ocrx_word' id='word_1_213' title='bbox 1634 2444 1684 2484; x_wconf 92' lang='lat' dir='ltr'><strong>et</strong></span> <span class='ocrx_word' id='word_1_214' title='bbox 1719 2438 1955 2484; x_wconf 87' lang='lat' dir='ltr'><strong>decimam</strong></span> <span class='ocrx_word' id='word_1_215' title='bbox 1989 2450 2169 2497; x_wconf 87' lang='lat' dir='ltr'><strong>panum</strong></span> <span class='ocrx_word' id='word_1_216' title='bbox 2203 2435 2327 2496; x_wconf 86' lang='lat' dir='ltr'><strong>regis</strong></span> <span class='ocrx_word' id='word_1_217' title='bbox 2361 2433 2634 2493; x_wconf 91' lang='lat' dir='ltr'><strong>ubicunque</strong></span> 
     </span>
     <span class='ocr_line' id='line_1_23' title="bbox 699 2523 2635 2592; baseline -0.005 -13"><span class='ocrx_word' id='word_1_218' title='bbox 699 2534 844 2579; x_wconf 88' lang='lat' dir='ltr'><strong>fuerit</strong></span> <span class='ocrx_word' id='word_1_219' title='bbox 867 2549 895 2579; x_wconf 86' lang='lat' dir='ltr'><strong>a</strong></span> <span class='ocrx_word' id='word_1_220' title='bbox 919 2533 1089 2578; x_wconf 85' lang='lat' dir='ltr'><strong>northo</strong></span> <span class='ocrx_word' id='word_1_221' title='bbox 1126 2533 1185 2578; x_wconf 91' lang='lat' dir='ltr'><strong>de</strong></span> <span class='ocrx_word' id='word_1_222' title='bbox 1218 2531 1528 2578; x_wconf 90' lang='lat' dir='ltr'><strong>Lambremor</strong></span> <span class='ocrx_word' id='word_1_223' title='bbox 1595 2530 1700 2592; x_wconf 88' lang='lat' dir='ltr'><strong>Ego</strong></span> <span class='ocrx_word' id='word_1_224' title='bbox 1729 2528 2011 2575; x_wconf 88' lang='lat' dir='ltr'><strong>Alexander</strong></span> <span class='ocrx_word' id='word_1_225' title='bbox 2045 2526 2139 2573; x_wconf 94' lang='lat' dir='ltr'><strong>Dei</strong></span> <span class='ocrx_word' id='word_1_226' title='bbox 2172 2526 2327 2588; x_wconf 84' lang='lat' dir='ltr'><strong>gratia</strong></span> <span class='ocrx_word' id='word_1_227' title='bbox 2360 2524 2471 2570; x_wconf 89' lang='lat' dir='ltr'><strong>Rex</strong></span> <span class='ocrx_word' id='word_1_228' title='bbox 2497 2523 2635 2571; x_wconf 89' lang='lat' dir='ltr'><strong>Scot-</strong></span> 
     </span>
     <span class='ocr_line' id='line_1_24' title="bbox 700 2615 2635 2684; baseline -0.005 -14"><span class='ocrx_word' id='word_1_229' title='bbox 700 2631 859 2670; x_wconf 91' lang='lat' dir='ltr'><strong>torum</strong></span> <span class='ocrx_word' id='word_1_230' title='bbox 894 2625 1082 2684; x_wconf 91' lang='lat' dir='ltr'><strong>propria</strong></span> <span class='ocrx_word' id='word_1_231' title='bbox 1103 2638 1248 2669; x_wconf 90' lang='lat' dir='ltr'><strong>manu</strong></span> <span class='ocrx_word' id='word_1_232' title='bbox 1271 2638 1380 2669; x_wconf 91' lang='lat' dir='ltr'><strong>mea</strong></span> <span class='ocrx_word' id='word_1_233' title='bbox 1402 2623 1490 2669; x_wconf 88' lang='lat' dir='ltr'><strong>hec</strong></span> <span class='ocrx_word' id='word_1_234' title='bbox 1515 2622 1743 2669; x_wconf 89' lang='lat' dir='ltr'><strong>confirmo</strong></span> <span class='ocrx_word' id='word_1_235' title='bbox 1767 2625 1818 2667; x_wconf 93' lang='lat' dir='ltr'><strong>et</strong></span> <span class='ocrx_word' id='word_1_236' title='bbox 1841 2617 1994 2682; x_wconf 87' lang='lat' dir='ltr'><strong>figillo</strong></span> <span class='ocrx_word' id='word_1_237' title='bbox 2016 2633 2124 2664; x_wconf 91' lang='lat' dir='ltr'><strong>mee</strong></span> <span class='ocrx_word' id='word_1_238' title='bbox 2151 2617 2386 2679; x_wconf 86' lang='lat' dir='ltr'><strong>ymaginis</strong></span> <span class='ocrx_word' id='word_1_239' title='bbox 2409 2615 2499 2662; x_wconf 92' lang='lat' dir='ltr'><strong>hec</strong></span> <span class='ocrx_word' id='word_1_240' title='bbox 2523 2629 2635 2661; x_wconf 91' lang='lat' dir='ltr'><strong>con-</strong></span> 
     </span>
     <span class='ocr_line' id='line_1_25' title="bbox 703 2705 2636 2777; baseline -0.005 -17"><span class='ocrx_word' id='word_1_241' title='bbox 703 2712 832 2777; x_wconf 87' lang='lat' dir='ltr'><strong>figno</strong></span> <span class='ocrx_word' id='word_1_242' title='bbox 856 2730 944 2776; x_wconf 89' lang='lat' dir='ltr'><strong>ego</strong></span> <span class='ocrx_word' id='word_1_243' title='bbox 981 2713 1150 2761; x_wconf 86' lang='lat' dir='ltr'><strong>Sibilla</strong></span> <span class='ocrx_word' id='word_1_244' title='bbox 1184 2713 1278 2760; x_wconf 89' lang='lat' dir='ltr'><strong>Dei</strong></span> <span class='ocrx_word' id='word_1_245' title='bbox 1311 2715 1470 2775; x_wconf 87' lang='lat' dir='ltr'><strong>gracia</strong></span> <span class='ocrx_word' id='word_1_246' title='bbox 1494 2714 1683 2776; x_wconf 86' lang='lat' dir='ltr'><strong>Regina</strong></span> <span class='ocrx_word' id='word_1_247' title='bbox 1706 2710 1985 2758; x_wconf 87' lang='lat' dir='ltr'><strong>Scottorum</strong></span> <span class='ocrx_word' id='word_1_248' title='bbox 2011 2709 2201 2770; x_wconf 83' lang='lat' dir='ltr'><strong>propria</strong></span> <span class='ocrx_word' id='word_1_249' title='bbox 2234 2721 2381 2754; x_wconf 89' lang='lat' dir='ltr'><strong>manu</strong></span> <span class='ocrx_word' id='word_1_250' title='bbox 2414 2720 2523 2752; x_wconf 87' lang='lat' dir='ltr'><strong>mea</strong></span> <span class='ocrx_word' id='word_1_251' title='bbox 2544 2705 2636 2752; x_wconf 85' lang='lat' dir='ltr'><strong>hec</strong></span> 
     </span>
     <span class='ocr_line' id='line_1_26' title="bbox 704 2795 2639 2866; baseline -0.005 -15"><span class='ocrx_word' id='word_1_252' title='bbox 704 2805 931 2852; x_wconf 90' lang='lat' dir='ltr'><strong>confirmo</strong></span> <span class='ocrx_word' id='word_1_253' title='bbox 966 2820 1054 2866; x_wconf 91' lang='lat' dir='ltr'><strong>ego</strong></span> <span class='ocrx_word' id='word_1_254' title='bbox 1091 2804 1350 2866; x_wconf 89' lang='lat' dir='ltr'><strong>Gregorius</strong></span> <span class='ocrx_word' id='word_1_255' title='bbox 1388 2804 1632 2866; x_wconf 90' lang='lat' dir='ltr'><strong>episcopus</strong></span> <span class='ocrx_word' id='word_1_256' title='bbox 1666 2802 1951 2850; x_wconf 64' lang='lat' dir='ltr'><strong>auctoritate</strong></span> <span class='ocrx_word' id='word_1_257' title='bbox 1985 2799 2081 2848; x_wconf 89' lang='lat' dir='ltr'><strong>Dei</strong></span> <span class='ocrx_word' id='word_1_258' title='bbox 2115 2804 2167 2847; x_wconf 89' lang='lat' dir='ltr'><strong>et</strong></span> <span class='ocrx_word' id='word_1_259' title='bbox 2195 2798 2462 2845; x_wconf 66' lang='lat' dir='ltr'><strong>samitorum</strong></span> <span class='ocrx_word' id='word_1_260' title='bbox 2486 2795 2639 2858; x_wconf 91' lang='lat' dir='ltr'><strong>Apos-</strong></span> 
     </span>
     <span class='ocr_line' id='line_1_27' title="bbox 704 2887 2639 2954; baseline -0.004 -13"><span class='ocrx_word' id='word_1_261' title='bbox 704 2895 911 2942; x_wconf 90' lang='lat' dir='ltr'><strong>tolorum</strong></span> <span class='ocrx_word' id='word_1_262' title='bbox 947 2895 1080 2942; x_wconf 89' lang='lat' dir='ltr'><strong>Petri</strong></span> <span class='ocrx_word' id='word_1_263' title='bbox 1106 2901 1156 2941; x_wconf 88' lang='lat' dir='ltr'><strong>et</strong></span> <span class='ocrx_word' id='word_1_264' title='bbox 1191 2894 1331 2941; x_wconf 88' lang='lat' dir='ltr'><strong>Pauli</strong></span> <span class='ocrx_word' id='word_1_265' title='bbox 1360 2900 1410 2942; x_wconf 86' lang='lat' dir='ltr'><strong>et</strong></span> <span class='ocrx_word' id='word_1_266' title='bbox 1438 2894 1583 2942; x_wconf 68' lang='lat' dir='ltr'><strong>sanffl</strong></span> <span class='ocrx_word' id='word_1_267' title='bbox 1618 2894 1816 2941; x_wconf 85' lang='lat' dir='ltr'><strong>Andree</strong></span> <span class='ocrx_word' id='word_1_268' title='bbox 1851 2889 2071 2954; x_wconf 89' lang='lat' dir='ltr'><strong>Apostoli</strong></span> <span class='ocrx_word' id='word_1_269' title='bbox 2105 2906 2168 2938; x_wconf 87' lang='lat' dir='ltr'><strong>ne</strong></span> <span class='ocrx_word' id='word_1_270' title='bbox 2197 2890 2303 2950; x_wconf 88' lang='lat' dir='ltr'><strong>quis</strong></span> <span class='ocrx_word' id='word_1_271' title='bbox 2336 2889 2427 2935; x_wconf 91' lang='lat' dir='ltr'><strong>hec</strong></span> <span class='ocrx_word' id='word_1_272' title='bbox 2461 2887 2639 2935; x_wconf 86' lang='lat' dir='ltr'><strong>violare</strong></span> 
     </span>
     <span class='ocr_line' id='line_1_28' title="bbox 706 2979 2640 3047; baseline -0.004 -16"><span class='ocrx_word' id='word_1_273' title='bbox 706 2984 945 3046; x_wconf 89' lang='lat' dir='ltr'><strong>presumat</strong></span> <span class='ocrx_word' id='word_1_274' title='bbox 967 2984 1054 3032; x_wconf 89' lang='lat' dir='ltr'><strong>sub</strong></span> <span class='ocrx_word' id='word_1_275' title='bbox 1077 2986 1385 3032; x_wconf 87' lang='lat' dir='ltr'><strong>anathemate</strong></span> <span class='ocrx_word' id='word_1_276' title='bbox 1409 2985 1637 3032; x_wconf 87' lang='lat' dir='ltr'><strong>confirmo</strong></span> <span class='ocrx_word' id='word_1_277' title='bbox 1665 3001 1756 3047; x_wconf 88' lang='lat' dir='ltr'><strong>ego</strong></span> <span class='ocrx_word' id='word_1_278' title='bbox 1791 2984 2052 3031; x_wconf 80' lang='lat' dir='ltr'><strong>cormacus</strong></span> <span class='ocrx_word' id='word_1_279' title='bbox 2085 2980 2332 3044; x_wconf 89' lang='lat' dir='ltr'><strong>episcopus</strong></span> <span class='ocrx_word' id='word_1_280' title='bbox 2355 2979 2640 3026; x_wconf 63' lang='lat' dir='ltr'><strong>auctoritate</strong></span> 
     </span>
     <span class='ocr_line' id='line_1_29' title="bbox 709 3065 2638 3138; baseline -0.004 -17"><span class='ocrx_word' id='word_1_281' title='bbox 709 3075 802 3122; x_wconf 90' lang='lat' dir='ltr'><strong>Dei</strong></span> <span class='ocrx_word' id='word_1_282' title='bbox 826 3083 875 3122; x_wconf 86' lang='lat' dir='ltr'><strong>et</strong></span> <span class='ocrx_word' id='word_1_283' title='bbox 899 3075 1163 3122; x_wconf 70' lang='lat' dir='ltr'><strong>san&amp;orum</strong></span> <span class='ocrx_word' id='word_1_284' title='bbox 1186 3075 1528 3138; x_wconf 89' lang='lat' dir='ltr'><strong>Apostolorum</strong></span> <span class='ocrx_word' id='word_1_285' title='bbox 1553 3075 1687 3123; x_wconf 89' lang='lat' dir='ltr'><strong>Petri</strong></span> <span class='ocrx_word' id='word_1_286' title='bbox 1710 3083 1761 3123; x_wconf 89' lang='lat' dir='ltr'><strong>et</strong></span> <span class='ocrx_word' id='word_1_287' title='bbox 1785 3075 1926 3123; x_wconf 87' lang='lat' dir='ltr'><strong>Pauli</strong></span> <span class='ocrx_word' id='word_1_288' title='bbox 1949 3080 2000 3122; x_wconf 89' lang='lat' dir='ltr'><strong>et</strong></span> <span class='ocrx_word' id='word_1_289' title='bbox 2023 3073 2170 3121; x_wconf 69' lang='lat' dir='ltr'><strong>san&amp;i</strong></span> <span class='ocrx_word' id='word_1_290' title='bbox 2193 3070 2391 3118; x_wconf 90' lang='lat' dir='ltr'><strong>Andree</strong></span> <span class='ocrx_word' id='word_1_291' title='bbox 2419 3065 2638 3130; x_wconf 88' lang='lat' dir='ltr'><strong>Apostoli</strong></span> 
     </span>
     <span class='ocr_line' id='line_1_30' title="bbox 710 3159 2641 3228; baseline -0.004 -17"><span class='ocrx_word' id='word_1_292' title='bbox 710 3181 770 3212; x_wconf 90' lang='lat' dir='ltr'><strong>ne</strong></span> <span class='ocrx_word' id='word_1_293' title='bbox 793 3168 897 3226; x_wconf 91' lang='lat' dir='ltr'><strong>quis</strong></span> <span class='ocrx_word' id='word_1_294' title='bbox 930 3167 1019 3213; x_wconf 91' lang='lat' dir='ltr'><strong>hec</strong></span> <span class='ocrx_word' id='word_1_295' title='bbox 1042 3167 1218 3214; x_wconf 86' lang='lat' dir='ltr'><strong>violare</strong></span> <span class='ocrx_word' id='word_1_296' title='bbox 1251 3165 1489 3228; x_wconf 87' lang='lat' dir='ltr'><strong>presumat</strong></span> <span class='ocrx_word' id='word_1_297' title='bbox 1522 3165 1610 3214; x_wconf 90' lang='lat' dir='ltr'><strong>sub</strong></span> <span class='ocrx_word' id='word_1_298' title='bbox 1633 3166 1941 3214; x_wconf 86' lang='lat' dir='ltr'><strong>anathemate</strong></span> <span class='ocrx_word' id='word_1_299' title='bbox 1974 3164 2202 3212; x_wconf 88' lang='lat' dir='ltr'><strong>confirmo</strong></span> <span class='ocrx_word' id='word_1_300' title='bbox 2237 3177 2326 3224; x_wconf 81' lang='lat' dir='ltr'><strong>ego</strong></span> <span class='ocrx_word' id='word_1_301' title='bbox 2360 3159 2641 3208; x_wconf 84' lang='lat' dir='ltr'><strong>Alexander</strong></span> 
     </span>
     <span class='ocr_line' id='line_1_31' title="bbox 711 3248 2641 3318; baseline -0.004 -16"><span class='ocrx_word' id='word_1_302' title='bbox 711 3271 857 3317; x_wconf 85' lang='lat' dir='ltr'><strong>nepos</strong></span> <span class='ocrx_word' id='word_1_303' title='bbox 891 3258 1014 3318; x_wconf 88' lang='lat' dir='ltr'><strong>regis</strong></span> <span class='ocrx_word' id='word_1_304' title='bbox 1046 3256 1311 3304; x_wconf 88' lang='lat' dir='ltr'><strong>Alexandri</strong></span> <span class='ocrx_word' id='word_1_305' title='bbox 1347 3259 1406 3305; x_wconf 86' lang='lat' dir='ltr'><strong>de</strong></span> <span class='ocrx_word' id='word_1_306' title='bbox 1440 3258 1532 3304; x_wconf 89' lang='lat' dir='ltr'><strong>hiis</strong></span> <span class='ocrx_word' id='word_1_307' title='bbox 1566 3255 1892 3305; x_wconf 87' lang='lat' dir='ltr'><strong>testimonium</strong></span> <span class='ocrx_word' id='word_1_308' title='bbox 1927 3255 2156 3317; x_wconf 88' lang='lat' dir='ltr'><strong>perhibeo</strong></span> <span class='ocrx_word' id='word_1_309' title='bbox 2189 3268 2279 3315; x_wconf 89' lang='lat' dir='ltr'><strong>ego</strong></span> <span class='ocrx_word' id='word_1_310' title='bbox 2312 3248 2447 3299; x_wconf 78' lang='lat' dir='ltr'><strong>Beth</strong></span> <span class='ocrx_word' id='word_1_311' title='bbox 2481 3264 2641 3297; x_wconf 87' lang='lat' dir='ltr'><strong>comes</strong></span> 
     </span>
    </p>
   </div>
  </div>
 </body>
</html>
