<?xml version="1.0" encoding="UTF-8"?>
<!DOCTYPE html PUBLIC "-//W3C//DTD XHTML 1.0 Transitional//EN"
    "http://www.w3.org/TR/xhtml1/DTD/xhtml1-transitional.dtd">
<html xmlns="http://www.w3.org/1999/xhtml" xml:lang="en" lang="en">
 <head>
  <title>
</title>
<meta http-equiv="Content-Type" content="text/html;charset=utf-8" />
  <meta name='ocr-system' content='tesseract 3.04.00' />
  <meta name='ocr-capabilities' content='ocr_page ocr_carea ocr_par ocr_line ocrx_word'/>
</head>
<body>
  <div class='ocr_page' id='page_1' title='image "./liberecclesiedes78sconuoft/liberecclesiedes78sconuoft_0098.png"; bbox 0 0 2982 4016; ppageno 0'>
   <div class='ocr_carea' id='block_1_1' title="bbox 507 1509 564 1554">
    <p class='ocr_par' dir='ltr' id='par_1_1' title="bbox 507 1509 564 1554">
     <span class='ocr_line' id='line_1_1' title="bbox 507 1509 564 1554; baseline -0.053 0"><span class='ocrx_word' id='word_1_1' title='bbox 507 1509 564 1554; x_wconf 87' lang='lat'>75</span> 
     </span>
    </p>
   </div>
   <div class='ocr_carea' id='block_1_2' title="bbox 499 3043 556 3091">
    <p class='ocr_par' dir='ltr' id='par_1_2' title="bbox 499 3043 556 3091">
     <span class='ocr_line' id='line_1_2' title="bbox 499 3043 556 3091; baseline -0.035 0"><span class='ocrx_word' id='word_1_2' title='bbox 499 3043 556 3091; x_wconf 89' lang='grc'>76</span> 
     </span>
    </p>
   </div>
   <div class='ocr_carea' id='block_1_3' title="bbox 604 542 2526 602">
    <p class='ocr_par' dir='ltr' id='par_1_3' title="bbox 604 542 2526 602">
     <span class='ocr_line' id='line_1_3' title="bbox 604 542 2526 602; baseline -0.007 0"><span class='ocrx_word' id='word_1_3' title='bbox 604 556 665 602; x_wconf 87' lang='grc'>46</span> <span class='ocrx_word' id='word_1_4' title='bbox 1274 547 1479 596; x_wconf 90' lang='lat' dir='ltr'><strong>LIBER</strong></span> <span class='ocrx_word' id='word_1_5' title='bbox 1514 542 1841 593; x_wconf 85' lang='lat' dir='ltr'>ECCLESIE</span> <span class='ocrx_word' id='word_1_6' title='bbox 2282 556 2383 590; x_wconf 74' lang='lat' dir='ltr'>sEc.</span> <span class='ocrx_word' id='word_1_7' title='bbox 2410 555 2526 589; x_wconf 86' lang='lat' dir='ltr'>xm.</span> 
     </span>
    </p>
   </div>
   <div class='ocr_carea' id='block_1_4' title="bbox 601 670 2527 1102">
    <p class='ocr_par' dir='ltr' id='par_1_4' title="bbox 601 670 2527 1102">
     <span class='ocr_line' id='line_1_4' title="bbox 602 670 2527 745; baseline -0.007 -11"><span class='ocrx_word' id='word_1_8' title='bbox 602 685 838 734; x_wconf 86' lang='lat' dir='ltr'>canonicis</span> <span class='ocrx_word' id='word_1_9' title='bbox 862 686 910 731; x_wconf 91' lang='lat' dir='ltr'>in</span> <span class='ocrx_word' id='word_1_10' title='bbox 935 688 1216 745; x_wconf 85' lang='lat' dir='ltr'>perpetuum</span> <span class='ocrx_word' id='word_1_11' title='bbox 1239 681 1299 727; x_wconf 90' lang='lat' dir='ltr'>de</span> <span class='ocrx_word' id='word_1_12' title='bbox 1321 678 1457 726; x_wconf 87' lang='lat' dir='ltr'>nobis</span> <span class='ocrx_word' id='word_1_13' title='bbox 1480 683 1530 724; x_wconf 88' lang='lat' dir='ltr'>et</span> <span class='ocrx_word' id='word_1_14' title='bbox 1552 674 1806 723; x_wconf 84' lang='lat' dir='ltr'>heredibus</span> <span class='ocrx_word' id='word_1_15' title='bbox 1836 670 2007 721; x_wconf 88' lang='lat' dir='ltr'>nostris</span> <span class='ocrx_word' id='word_1_16' title='bbox 2040 673 2091 720; x_wconf 91' lang='lat' dir='ltr'>in</span> <span class='ocrx_word' id='word_1_17' title='bbox 2125 672 2323 721; x_wconf 82' lang='lat' dir='ltr'>liberam</span> <span class='ocrx_word' id='word_1_18' title='bbox 2358 688 2527 736; x_wconf 90' lang='lat' dir='ltr'>puram</span> 
     </span>
     <span class='ocr_line' id='line_1_5' title="bbox 604 762 2526 839; baseline -0.008 -14"><span class='ocrx_word' id='word_1_19' title='bbox 604 785 655 824; x_wconf 87' lang='lat' dir='ltr'>et</span> <span class='ocrx_word' id='word_1_20' title='bbox 675 782 952 839; x_wconf 88' lang='lat' dir='ltr'>perpetuam</span> <span class='ocrx_word' id='word_1_21' title='bbox 977 769 1277 821; x_wconf 74' lang='lat' dir='ltr'>elemosinam</span> <span class='ocrx_word' id='word_1_22' title='bbox 1303 770 1371 816; x_wconf 89' lang='lat' dir='ltr'>ita</span> <span class='ocrx_word' id='word_1_23' title='bbox 1394 768 1542 815; x_wconf 90' lang='lat' dir='ltr'>libere</span> <span class='ocrx_word' id='word_1_24' title='bbox 1565 771 1616 813; x_wconf 91' lang='lat' dir='ltr'>et</span> <span class='ocrx_word' id='word_1_25' title='bbox 1639 766 1803 827; x_wconf 85' lang='lat' dir='ltr'>quiete</span> <span class='ocrx_word' id='word_1_26' title='bbox 1819 764 2033 827; x_wconf 80' lang='lat' dir='ltr'>plenarie</span> <span class='ocrx_word' id='word_1_27' title='bbox 2057 769 2107 811; x_wconf 92' lang='lat' dir='ltr'>et</span> <span class='ocrx_word' id='word_1_28' title='bbox 2129 764 2388 812; x_wconf 91' lang='lat' dir='ltr'>honorifice</span> <span class='ocrx_word' id='word_1_29' title='bbox 2404 762 2526 812; x_wconf 87' lang='lat' dir='ltr'>ficut</span> 
     </span>
     <span class='ocr_line' id='line_1_6' title="bbox 602 853 2527 929; baseline -0.007 -14"><span class='ocrx_word' id='word_1_30' title='bbox 602 866 760 929; x_wconf 84' lang='lat' dir='ltr'>aliqua</span> <span class='ocrx_word' id='word_1_31' title='bbox 781 862 1033 913; x_wconf 87' lang='lat' dir='ltr'>elemofina</span> <span class='ocrx_word' id='word_1_32' title='bbox 1055 865 1103 909; x_wconf 90' lang='lat' dir='ltr'>in</span> <span class='ocrx_word' id='word_1_33' title='bbox 1128 877 1272 923; x_wconf 89' lang='lat' dir='ltr'>regno</span> <span class='ocrx_word' id='word_1_34' title='bbox 1290 857 1448 906; x_wconf 91' lang='lat' dir='ltr'>nostro</span> <span class='ocrx_word' id='word_1_35' title='bbox 1471 857 1666 905; x_wconf 87' lang='lat' dir='ltr'>liberius</span> <span class='ocrx_word' id='word_1_36' title='bbox 1689 863 1740 904; x_wconf 91' lang='lat' dir='ltr'>et</span> <span class='ocrx_word' id='word_1_37' title='bbox 1758 856 1967 917; x_wconf 82' lang='lat' dir='ltr'>quietius</span> <span class='ocrx_word' id='word_1_38' title='bbox 1984 860 2183 903; x_wconf 91' lang='lat' dir='ltr'>tenetur</span> <span class='ocrx_word' id='word_1_39' title='bbox 2199 861 2250 903; x_wconf 92' lang='lat' dir='ltr'>et</span> <span class='ocrx_word' id='word_1_40' title='bbox 2266 853 2527 917; x_wconf 86' lang='lat' dir='ltr'>poffidetur</span> 
     </span>
     <span class='ocr_line' id='line_1_7' title="bbox 602 944 2524 1015; baseline -0.007 -10"><span class='ocrx_word' id='word_1_41' title='bbox 602 956 818 1005; x_wconf 85' lang='lat' dir='ltr'>Testibus</span> <span class='ocrx_word' id='word_1_42' title='bbox 841 955 900 1003; x_wconf 92' lang='lat' dir='ltr'>G.</span> <span class='ocrx_word' id='word_1_43' title='bbox 926 970 1012 1015; x_wconf 93' lang='lat' dir='ltr'>epo</span> <span class='ocrx_word' id='word_1_44' title='bbox 1039 946 1366 999; x_wconf 85' lang='lat' dir='ltr'>Dunkeldenfi</span> <span class='ocrx_word' id='word_1_45' title='bbox 1392 948 1614 997; x_wconf 87' lang='lat' dir='ltr'>Waltero</span> <span class='ocrx_word' id='word_1_46' title='bbox 1639 946 1817 995; x_wconf 88' lang='lat' dir='ltr'>Cumin</span> <span class='ocrx_word' id='word_1_47' title='bbox 1840 946 2018 993; x_wconf 82' lang='lat' dir='ltr'>comite</span> <span class='ocrx_word' id='word_1_48' title='bbox 2041 946 2102 993; x_wconf 92' lang='lat' dir='ltr'>de</span> <span class='ocrx_word' id='word_1_49' title='bbox 2126 944 2361 993; x_wconf 90' lang='lat' dir='ltr'>Menteth</span> <span class='ocrx_word' id='word_1_50' title='bbox 2384 946 2524 994; x_wconf 83' lang='lat' dir='ltr'>alano</span> 
     </span>
     <span class='ocr_line' id='line_1_8' title="bbox 601 1035 2525 1102; baseline -0.007 -7"><span class='ocrx_word' id='word_1_51' title='bbox 601 1046 818 1095; x_wconf 90' lang='lat' dir='ltr'>hostiario</span> <span class='ocrx_word' id='word_1_52' title='bbox 848 1045 1000 1093; x_wconf 78' lang='lat' dir='ltr'>David</span> <span class='ocrx_word' id='word_1_53' title='bbox 1027 1044 1085 1090; x_wconf 85' lang='lat' dir='ltr'>dc</span> <span class='ocrx_word' id='word_1_54' title='bbox 1111 1039 1292 1089; x_wconf 55' lang='lat' dir='ltr'>Linde?¹</span> <span class='ocrx_word' id='word_1_55' title='bbox 1309 1044 1416 1102; x_wconf 80' lang='lat' dir='ltr'>pati‘</span> <span class='ocrx_word' id='word_1_56' title='bbox 1449 1038 1502 1085; x_wconf 75' lang='lat' dir='ltr'>fii</span> <span class='ocrx_word' id='word_1_57' title='bbox 1536 1035 1679 1085; x_wconf 76' lang='lat' dir='ltr'>Wiffi</span> <span class='ocrx_word' id='word_1_58' title='bbox 1703 1036 1861 1084; x_wconf 77' lang='lat' dir='ltr'>Wiflo</span> <span class='ocrx_word' id='word_1_59' title='bbox 1897 1036 1958 1085; x_wconf 90' lang='lat' dir='ltr'>de</span> <span class='ocrx_word' id='word_1_60' title='bbox 1993 1035 2286 1084; x_wconf 67' lang='lat' dir='ltr'>Munifichet</span> <span class='ocrx_word' id='word_1_61' title='bbox 2310 1035 2525 1084; x_wconf 85' lang='lat' dir='ltr'>Roberto</span> 
     </span>
    </p>
   </div>
   <div class='ocr_carea' id='block_1_5' title="bbox 600 1126 2523 1199">
    <p class='ocr_par' dir='ltr' id='par_1_5' title="bbox 600 1126 2523 1199">
     <span class='ocr_line' id='line_1_9' title="bbox 600 1126 2523 1199; baseline -0.006 -13"><span class='ocrx_word' id='word_1_62' title='bbox 600 1138 732 1186; x_wconf 92' lang='lat' dir='ltr'>Biset</span> <span class='ocrx_word' id='word_1_63' title='bbox 797 1136 941 1199; x_wconf 91' lang='lat' dir='ltr'>Apud</span> <span class='ocrx_word' id='word_1_64' title='bbox 967 1133 1093 1181; x_wconf 74' lang='lat' dir='ltr'>Scofi</span> <span class='ocrx_word' id='word_1_65' title='bbox 1117 1134 1284 1194; x_wconf 86' lang='lat' dir='ltr'>quinto</span> <span class='ocrx_word' id='word_1_66' title='bbox 1309 1131 1385 1177; x_wconf 93' lang='lat' dir='ltr'>die</span> <span class='ocrx_word' id='word_1_67' title='bbox 1410 1129 1654 1190; x_wconf 85' lang='lat' dir='ltr'>Februarij</span> <span class='ocrx_word' id='word_1_68' title='bbox 1679 1143 1805 1176; x_wconf 91' lang='lat' dir='ltr'>anno</span> <span class='ocrx_word' id='word_1_69' title='bbox 1828 1128 1964 1190; x_wconf 88' lang='lat' dir='ltr'>regni</span> <span class='ocrx_word' id='word_1_70' title='bbox 1983 1127 2165 1174; x_wconf 91' lang='lat' dir='ltr'>domini</span> <span class='ocrx_word' id='word_1_71' title='bbox 2184 1126 2333 1190; x_wconf 87' lang='lat' dir='ltr'>Regis</span> <span class='ocrx_word' id='word_1_72' title='bbox 2356 1127 2523 1189; x_wconf 83' lang='lat' dir='ltr'>xxvijo.</span> 
     </span>
    </p>
   </div>
   <div class='ocr_carea' id='block_1_6' title="bbox 600 1308 2174 1377">
    <p class='ocr_par' dir='ltr' id='par_1_6' title="bbox 600 1308 2174 1377">
     <span class='ocr_line' id='line_1_10' title="bbox 600 1308 2174 1377; baseline -0.006 -10"><span class='ocrx_word' id='word_1_73' title='bbox 600 1319 742 1367; x_wconf 86' lang='lat' dir='ltr'>Carta</span> <span class='ocrx_word' id='word_1_74' title='bbox 764 1316 1027 1364; x_wconf 81' lang='lat' dir='ltr'>Alexandri</span> <span class='ocrx_word' id='word_1_75' title='bbox 1052 1315 1197 1377; x_wconf 89' lang='lat' dir='ltr'>Regis</span> <span class='ocrx_word' id='word_1_76' title='bbox 1222 1314 1281 1360; x_wconf 90' lang='lat' dir='ltr'>de</span> <span class='ocrx_word' id='word_1_77' title='bbox 1306 1312 1525 1359; x_wconf 90' lang='lat' dir='ltr'>dominiis</span> <span class='ocrx_word' id='word_1_78' title='bbox 1550 1311 1608 1358; x_wconf 89' lang='lat' dir='ltr'>de</span> <span class='ocrx_word' id='word_1_79' title='bbox 1633 1310 1763 1357; x_wconf 87' lang='lat' dir='ltr'>Rath</span> <span class='ocrx_word' id='word_1_80' title='bbox 1787 1314 1838 1356; x_wconf 87' lang='lat' dir='ltr'>et</span> <span class='ocrx_word' id='word_1_81' title='bbox 1862 1308 2174 1372; x_wconf 87' lang='lat' dir='ltr'>Kynfawnes.</span> 
     </span>
    </p>
   </div>
   <div class='ocr_carea' id='block_1_7' title="bbox 593 1484 2524 2649">
    <p class='ocr_par' dir='ltr' id='par_1_7' title="bbox 593 1484 2524 2649">
     <span class='ocr_line' id='line_1_11' title="bbox 601 1484 2524 1560; baseline -0.005 -9"><span class='ocrx_word' id='word_1_82' title='bbox 601 1484 897 1551; x_wconf 80' lang='lat' dir='ltr'>Alexander</span> <span class='ocrx_word' id='word_1_83' title='bbox 921 1498 1012 1545; x_wconf 90' lang='lat' dir='ltr'>Dei</span> <span class='ocrx_word' id='word_1_84' title='bbox 1036 1498 1188 1560; x_wconf 86' lang='lat' dir='ltr'>gratia</span> <span class='ocrx_word' id='word_1_85' title='bbox 1212 1495 1319 1542; x_wconf 86' lang='lat' dir='ltr'>Rex</span> <span class='ocrx_word' id='word_1_86' title='bbox 1344 1492 1621 1541; x_wconf 85' lang='lat' dir='ltr'>Scottorum</span> <span class='ocrx_word' id='word_1_87' title='bbox 1645 1491 1867 1539; x_wconf 84' lang='lat' dir='ltr'>omnibus</span> <span class='ocrx_word' id='word_1_88' title='bbox 1890 1491 2052 1554; x_wconf 84' lang='lat' dir='ltr'>probis</span> <span class='ocrx_word' id='word_1_89' title='bbox 2074 1492 2351 1540; x_wconf 89' lang='lat' dir='ltr'>hominibus</span> <span class='ocrx_word' id='word_1_90' title='bbox 2374 1494 2524 1541; x_wconf 90' lang='lat' dir='ltr'>totius</span> 
     </span>
     <span class='ocr_line' id='line_1_12' title="bbox 598 1582 2524 1648; baseline -0.004 -7"><span class='ocrx_word' id='word_1_91' title='bbox 598 1601 723 1641; x_wconf 88' lang='lat' dir='ltr'>terre</span> <span class='ocrx_word' id='word_1_92' title='bbox 744 1591 824 1639; x_wconf 85' lang='lat' dir='ltr'>sue</span> <span class='ocrx_word' id='word_1_93' title='bbox 846 1589 1045 1638; x_wconf 90' lang='lat' dir='ltr'>salutem</span> <span class='ocrx_word' id='word_1_94' title='bbox 1113 1586 1279 1634; x_wconf 83' lang='lat' dir='ltr'>Sciant</span> <span class='ocrx_word' id='word_1_95' title='bbox 1301 1584 1542 1648; x_wconf 87' lang='lat' dir='ltr'>presentes</span> <span class='ocrx_word' id='word_1_96' title='bbox 1573 1589 1623 1630; x_wconf 90' lang='lat' dir='ltr'>et</span> <span class='ocrx_word' id='word_1_97' title='bbox 1658 1583 1809 1631; x_wconf 86' lang='lat' dir='ltr'>futuri</span> <span class='ocrx_word' id='word_1_98' title='bbox 1832 1597 1921 1630; x_wconf 88' lang='lat' dir='ltr'>nos</span> <span class='ocrx_word' id='word_1_99' title='bbox 1946 1583 2007 1630; x_wconf 88' lang='lat' dir='ltr'>ad</span> <span class='ocrx_word' id='word_1_100' title='bbox 2029 1582 2217 1631; x_wconf 90' lang='lat' dir='ltr'>firmam</span> <span class='ocrx_word' id='word_1_101' title='bbox 2239 1591 2524 1647; x_wconf 87' lang='lat' dir='ltr'>perpetuam</span> 
     </span>
     <span class='ocr_line' id='line_1_13' title="bbox 598 1673 2524 1731; baseline -0.003 0"><span class='ocrx_word' id='word_1_102' title='bbox 598 1679 831 1731; x_wconf 74' lang='lat' dir='ltr'>tradidiss&#39;e</span> <span class='ocrx_word' id='word_1_103' title='bbox 853 1680 1013 1728; x_wconf 86' lang='lat' dir='ltr'>abbati</span> <span class='ocrx_word' id='word_1_104' title='bbox 1037 1685 1086 1725; x_wconf 91' lang='lat' dir='ltr'>et</span> <span class='ocrx_word' id='word_1_105' title='bbox 1109 1678 1366 1725; x_wconf 89' lang='lat' dir='ltr'>conventui</span> <span class='ocrx_word' id='word_1_106' title='bbox 1391 1676 1451 1723; x_wconf 93' lang='lat' dir='ltr'>de</span> <span class='ocrx_word' id='word_1_107' title='bbox 1483 1675 1641 1723; x_wconf 87' lang='lat' dir='ltr'>Scona</span> <span class='ocrx_word' id='word_1_108' title='bbox 1674 1675 1886 1723; x_wconf 86' lang='lat' dir='ltr'>dominia</span> <span class='ocrx_word' id='word_1_109' title='bbox 1918 1673 2080 1722; x_wconf 84' lang='lat' dir='ltr'>nostra</span> <span class='ocrx_word' id='word_1_110' title='bbox 2114 1676 2175 1724; x_wconf 92' lang='lat' dir='ltr'>de</span> <span class='ocrx_word' id='word_1_111' title='bbox 2210 1675 2342 1724; x_wconf 85' lang='lat' dir='ltr'>Rath</span> <span class='ocrx_word' id='word_1_112' title='bbox 2377 1683 2428 1725; x_wconf 92' lang='lat' dir='ltr'>et</span> <span class='ocrx_word' id='word_1_113' title='bbox 2464 1679 2524 1725; x_wconf 91' lang='lat' dir='ltr'>de</span> 
     </span>
     <span class='ocr_line' id='line_1_14' title="bbox 596 1766 2523 1836; baseline -0.003 -15"><span class='ocrx_word' id='word_1_114' title='bbox 596 1773 875 1836; x_wconf 88' lang='lat' dir='ltr'>Kynfaunes</span> <span class='ocrx_word' id='word_1_115' title='bbox 898 1772 946 1817; x_wconf 91' lang='lat' dir='ltr'>in</span> <span class='ocrx_word' id='word_1_116' title='bbox 968 1784 1178 1833; x_wconf 86' lang='lat' dir='ltr'>goueryn</span> <span class='ocrx_word' id='word_1_117' title='bbox 1244 1767 1455 1816; x_wconf 86' lang='lat' dir='ltr'>Tenend.</span> <span class='ocrx_word' id='word_1_118' title='bbox 1481 1773 1531 1815; x_wconf 91' lang='lat' dir='ltr'>et</span> <span class='ocrx_word' id='word_1_119' title='bbox 1553 1767 1757 1815; x_wconf 85' lang='lat' dir='ltr'>habend.</span> <span class='ocrx_word' id='word_1_120' title='bbox 1782 1766 1959 1814; x_wconf 90' lang='lat' dir='ltr'>eisdem</span> <span class='ocrx_word' id='word_1_121' title='bbox 1984 1767 2147 1815; x_wconf 84' lang='lat' dir='ltr'>abbati</span> <span class='ocrx_word' id='word_1_122' title='bbox 2179 1773 2231 1815; x_wconf 89' lang='lat' dir='ltr'>et</span> <span class='ocrx_word' id='word_1_123' title='bbox 2262 1770 2523 1816; x_wconf 86' lang='lat' dir='ltr'>conventui</span> 
     </span>
     <span class='ocr_line' id='line_1_15' title="bbox 595 1857 2524 1923; baseline -0.003 -10"><span class='ocrx_word' id='word_1_124' title='bbox 595 1873 645 1913; x_wconf 91' lang='lat' dir='ltr'>et</span> <span class='ocrx_word' id='word_1_125' title='bbox 680 1861 1008 1912; x_wconf 78' lang='lat' dir='ltr'>successoribus</span> <span class='ocrx_word' id='word_1_126' title='bbox 1041 1860 1135 1908; x_wconf 89' lang='lat' dir='ltr'>suis</span> <span class='ocrx_word' id='word_1_127' title='bbox 1170 1861 1230 1907; x_wconf 91' lang='lat' dir='ltr'>de</span> <span class='ocrx_word' id='word_1_128' title='bbox 1263 1859 1401 1906; x_wconf 90' lang='lat' dir='ltr'>nobis</span> <span class='ocrx_word' id='word_1_129' title='bbox 1435 1865 1486 1906; x_wconf 89' lang='lat' dir='ltr'>et</span> <span class='ocrx_word' id='word_1_130' title='bbox 1519 1859 1775 1906; x_wconf 89' lang='lat' dir='ltr'>heredibus</span> <span class='ocrx_word' id='word_1_131' title='bbox 1811 1857 1983 1907; x_wconf 89' lang='lat' dir='ltr'>nostris</span> <span class='ocrx_word' id='word_1_132' title='bbox 2018 1857 2072 1906; x_wconf 94' lang='grc'>111</span> <span class='ocrx_word' id='word_1_133' title='bbox 2110 1865 2400 1922; x_wconf 88' lang='lat' dir='ltr'>perpetuum</span> <span class='ocrx_word' id='word_1_134' title='bbox 2437 1876 2524 1923; x_wconf 92' lang='lat' dir='ltr'>per</span> 
     </span>
     <span class='ocr_line' id='line_1_16' title="bbox 594 1948 2522 2013; baseline -0.002 -10"><span class='ocrx_word' id='word_1_135' title='bbox 594 1957 742 2003; x_wconf 62' lang='lat' dir='ltr'>rectas</span> <span class='ocrx_word' id='word_1_136' title='bbox 765 1953 932 2001; x_wconf 88' lang='lat' dir='ltr'>divisas</span> <span class='ocrx_word' id='word_1_137' title='bbox 954 1952 1058 2000; x_wconf 86' lang='lat' dir='ltr'>suas</span> <span class='ocrx_word' id='word_1_138' title='bbox 1082 1958 1131 1999; x_wconf 90' lang='lat' dir='ltr'>et</span> <span class='ocrx_word' id='word_1_139' title='bbox 1154 1967 1265 2000; x_wconf 91' lang='grc'>011111</span> <span class='ocrx_word' id='word_1_140' title='bbox 1289 1951 1509 1998; x_wconf 91' lang='lat' dir='ltr'>omnibus</span> <span class='ocrx_word' id='word_1_141' title='bbox 1531 1948 1666 1997; x_wconf 88' lang='lat' dir='ltr'>iustis</span> <span class='ocrx_word' id='word_1_142' title='bbox 1689 1949 1996 2013; x_wconf 90' lang='lat' dir='ltr'>pertinentiis</span> <span class='ocrx_word' id='word_1_143' title='bbox 2018 1949 2113 1999; x_wconf 90' lang='lat' dir='ltr'>suis</span> <span class='ocrx_word' id='word_1_144' title='bbox 2137 1958 2188 1999; x_wconf 90' lang='lat' dir='ltr'>et</span> <span class='ocrx_word' id='word_1_145' title='bbox 2211 1967 2322 2000; x_wconf 89' lang='lat' dir='ltr'>cum</span> <span class='ocrx_word' id='word_1_146' title='bbox 2354 1967 2522 2000; x_wconf 85' lang='lat' dir='ltr'>earun-</span> 
     </span>
     <span class='ocr_line' id='line_1_17' title="bbox 594 2041 2522 2104; baseline -0.002 -10"><span class='ocrx_word' id='word_1_147' title='bbox 594 2047 702 2094; x_wconf 90' lang='lat' dir='ltr'>dem</span> <span class='ocrx_word' id='word_1_148' title='bbox 737 2052 967 2093; x_wconf 89' lang='lat' dir='ltr'>terrarum</span> <span class='ocrx_word' id='word_1_149' title='bbox 1002 2044 1173 2090; x_wconf 87' lang='lat' dir='ltr'>nativis</span> <span class='ocrx_word' id='word_1_150' title='bbox 1207 2042 1356 2089; x_wconf 87' lang='lat' dir='ltr'>libere</span> <span class='ocrx_word' id='word_1_151' title='bbox 1392 2042 1567 2103; x_wconf 90' lang='lat' dir='ltr'>quiete</span> <span class='ocrx_word' id='word_1_152' title='bbox 1590 2041 1805 2104; x_wconf 89' lang='lat' dir='ltr'>plenarie</span> <span class='ocrx_word' id='word_1_153' title='bbox 1841 2048 1892 2090; x_wconf 93' lang='lat' dir='ltr'>et</span> <span class='ocrx_word' id='word_1_154' title='bbox 1925 2043 2187 2091; x_wconf 87' lang='lat' dir='ltr'>honorifice</span> <span class='ocrx_word' id='word_1_155' title='bbox 2253 2043 2522 2091; x_wconf 90' lang='lat' dir='ltr'>Reddendo</span> 
     </span>
     <span class='ocr_line' id='line_1_18' title="bbox 593 2131 2521 2197; baseline -0.001 -13"><span class='ocrx_word' id='word_1_156' title='bbox 593 2138 703 2184; x_wconf 88' lang='lat' dir='ltr'>inde</span> <span class='ocrx_word' id='word_1_157' title='bbox 726 2137 969 2183; x_wconf 89' lang='lat' dir='ltr'>annuatim</span> <span class='ocrx_word' id='word_1_158' title='bbox 995 2135 1305 2197; x_wconf 85' lang='lat' dir='ltr'>quadraginta</span> <span class='ocrx_word' id='word_1_159' title='bbox 1338 2133 1520 2181; x_wconf 88' lang='lat' dir='ltr'>celdras</span> <span class='ocrx_word' id='word_1_160' title='bbox 1554 2132 1667 2180; x_wconf 92' lang='lat' dir='ltr'>boni</span> <span class='ocrx_word' id='word_1_161' title='bbox 1702 2132 1934 2180; x_wconf 87' lang='lat' dir='ltr'>frumenti</span> <span class='ocrx_word' id='word_1_162' title='bbox 1969 2139 2020 2181; x_wconf 91' lang='lat' dir='ltr'>et</span> <span class='ocrx_word' id='word_1_163' title='bbox 2052 2131 2304 2196; x_wconf 86' lang='lat' dir='ltr'>sexaginta</span> <span class='ocrx_word' id='word_1_164' title='bbox 2336 2134 2521 2182; x_wconf 89' lang='lat' dir='ltr'>celdras</span> 
     </span>
     <span class='ocr_line' id='line_1_19' title="bbox 595 2223 2522 2288; baseline -0.001 -13"><span class='ocrx_word' id='word_1_165' title='bbox 595 2229 706 2275; x_wconf 92' lang='lat' dir='ltr'>boni</span> <span class='ocrx_word' id='word_1_166' title='bbox 730 2224 868 2274; x_wconf 84' lang='lat' dir='ltr'>brafii</span> <span class='ocrx_word' id='word_1_167' title='bbox 892 2226 1022 2272; x_wconf 89' lang='lat' dir='ltr'>ordei</span> <span class='ocrx_word' id='word_1_168' title='bbox 1046 2224 1290 2272; x_wconf 86' lang='lat' dir='ltr'>solvendas</span> <span class='ocrx_word' id='word_1_169' title='bbox 1313 2226 1363 2271; x_wconf 93' lang='lat' dir='ltr'>in</span> <span class='ocrx_word' id='word_1_170' title='bbox 1386 2225 1594 2288; x_wconf 86' lang='lat' dir='ltr'>grangiis</span> <span class='ocrx_word' id='word_1_171' title='bbox 1617 2223 1712 2271; x_wconf 89' lang='lat' dir='ltr'>suis</span> <span class='ocrx_word' id='word_1_172' title='bbox 1737 2225 1797 2271; x_wconf 88' lang='lat' dir='ltr'>de</span> <span class='ocrx_word' id='word_1_173' title='bbox 1820 2224 1958 2272; x_wconf 71' lang='lat' dir='ltr'>diffie</span> <span class='ocrx_word' id='word_1_174' title='bbox 1981 2224 2112 2272; x_wconf 81' lang='lat' dir='ltr'>Rath</span> <span class='ocrx_word' id='word_1_175' title='bbox 2148 2230 2201 2273; x_wconf 87' lang='lat' dir='ltr'>et</span> <span class='ocrx_word' id='word_1_176' title='bbox 2234 2224 2522 2288; x_wconf 83' lang='lat' dir='ltr'>Kynfaunes</span> 
     </span>
     <span class='ocr_line' id='line_1_20' title="bbox 595 2314 2520 2379; baseline 0 -14"><span class='ocrx_word' id='word_1_177' title='bbox 595 2318 661 2365; x_wconf 91' lang='lat' dir='ltr'>Et</span> <span class='ocrx_word' id='word_1_178' title='bbox 684 2318 897 2365; x_wconf 85' lang='lat' dir='ltr'>faciendo</span> <span class='ocrx_word' id='word_1_179' title='bbox 920 2315 1198 2363; x_wconf 86' lang='lat' dir='ltr'>forinsecum</span> <span class='ocrx_word' id='word_1_180' title='bbox 1216 2315 1465 2363; x_wconf 84' lang='lat' dir='ltr'>servicium</span> <span class='ocrx_word' id='word_1_181' title='bbox 1484 2316 1610 2377; x_wconf 93' lang='lat' dir='ltr'>quod</span> <span class='ocrx_word' id='word_1_182' title='bbox 1628 2316 1688 2363; x_wconf 86' lang='lat' dir='ltr'>ad</span> <span class='ocrx_word' id='word_1_183' title='bbox 1707 2314 1895 2363; x_wconf 85' lang='lat' dir='ltr'>easdem</span> <span class='ocrx_word' id='word_1_184' title='bbox 1913 2322 2064 2364; x_wconf 88' lang='lat' dir='ltr'>terras</span> <span class='ocrx_word' id='word_1_185' title='bbox 2080 2317 2295 2379; x_wconf 90' lang='lat' dir='ltr'>pertinet</span> <span class='ocrx_word' id='word_1_186' title='bbox 2363 2316 2520 2365; x_wconf 85' lang='lat' dir='ltr'>Salvis</span> 
     </span>
     <span class='ocr_line' id='line_1_21' title="bbox 595 2404 2519 2470; baseline 0.001 -15"><span class='ocrx_word' id='word_1_187' title='bbox 595 2408 768 2456; x_wconf 89' lang='lat' dir='ltr'>eisdem</span> <span class='ocrx_word' id='word_1_188' title='bbox 807 2408 1041 2470; x_wconf 84' lang='lat' dir='ltr'>canonicis</span> <span class='ocrx_word' id='word_1_189' title='bbox 1080 2406 1294 2453; x_wconf 88' lang='lat' dir='ltr'>secundis</span> <span class='ocrx_word' id='word_1_190' title='bbox 1334 2406 1528 2453; x_wconf 85' lang='lat' dir='ltr'>decimis</span> <span class='ocrx_word' id='word_1_191' title='bbox 1574 2404 1667 2453; x_wconf 90' lang='lat' dir='ltr'>suis</span> <span class='ocrx_word' id='word_1_192' title='bbox 1714 2407 1782 2454; x_wconf 93' lang='lat' dir='ltr'>eis</span> <span class='ocrx_word' id='word_1_193' title='bbox 1822 2422 1851 2454; x_wconf 90' lang='lat' dir='ltr'>a</span> <span class='ocrx_word' id='word_1_194' title='bbox 1887 2407 2028 2455; x_wconf 91' lang='lat' dir='ltr'>nobis</span> <span class='ocrx_word' id='word_1_195' title='bbox 2062 2411 2114 2455; x_wconf 83' lang='lat' dir='ltr'>et</span> <span class='ocrx_word' id='word_1_196' title='bbox 2149 2405 2519 2457; x_wconf 81' lang='lat' dir='ltr'>antecessoribus</span> 
     </span>
     <span class='ocr_line' id='line_1_22' title="bbox 595 2493 2518 2559; baseline 0.001 -14"><span class='ocrx_word' id='word_1_197' title='bbox 595 2496 761 2545; x_wconf 88' lang='lat' dir='ltr'>nostris</span> <span class='ocrx_word' id='word_1_198' title='bbox 795 2499 845 2544; x_wconf 92' lang='lat' dir='ltr'>in</span> <span class='ocrx_word' id='word_1_199' title='bbox 878 2504 1154 2559; x_wconf 85' lang='lat' dir='ltr'>perpetuam</span> <span class='ocrx_word' id='word_1_200' title='bbox 1188 2493 1492 2543; x_wconf 76' lang='lat' dir='ltr'>elemosinam</span> <span class='ocrx_word' id='word_1_201' title='bbox 1527 2495 1714 2544; x_wconf 85' lang='lat' dir='ltr'>collatis</span> <span class='ocrx_word' id='word_1_202' title='bbox 1797 2494 2016 2546; x_wconf 86' lang='lat' dir='ltr'>Testibus</span> <span class='ocrx_word' id='word_1_203' title='bbox 2041 2497 2271 2547; x_wconf 86' lang='lat' dir='ltr'>Waltero</span> <span class='ocrx_word' id='word_1_204' title='bbox 2306 2498 2360 2545; x_wconf 68' lang='lat' dir='ltr'>fii</span> <span class='ocrx_word' id='word_1_205' title='bbox 2392 2499 2518 2547; x_wconf 88' lang='lat' dir='ltr'>alani</span> 
     </span>
     <span class='ocr_line' id='line_1_23' title="bbox 594 2585 2517 2649; baseline 0.001 -13"><span class='ocrx_word' id='word_1_206' title='bbox 594 2588 845 2636; x_wconf 87' lang='lat' dir='ltr'>senescallo</span> <span class='ocrx_word' id='word_1_207' title='bbox 868 2586 1004 2635; x_wconf 61' lang='lat' dir='ltr'>iusti&amp;</span> <span class='ocrx_word' id='word_1_208' title='bbox 1027 2587 1175 2635; x_wconf 88' lang='lat' dir='ltr'>scocie</span> <span class='ocrx_word' id='word_1_209' title='bbox 1201 2585 1355 2634; x_wconf 76' lang='lat' dir='ltr'>Wiflo</span> <span class='ocrx_word' id='word_1_210' title='bbox 1379 2586 1567 2649; x_wconf 87' lang='lat' dir='ltr'>Cumyn</span> <span class='ocrx_word' id='word_1_211' title='bbox 1590 2586 1782 2636; x_wconf 87' lang='lat' dir='ltr'>Comite</span> <span class='ocrx_word' id='word_1_212' title='bbox 1805 2589 1865 2636; x_wconf 87' lang='lat' dir='ltr'>de</span> <span class='ocrx_word' id='word_1_213' title='bbox 1890 2587 2089 2638; x_wconf 70' lang='lat' dir='ltr'>Meteth</span> <span class='ocrx_word' id='word_1_214' title='bbox 2120 2590 2155 2637; x_wconf 91' lang='lat' dir='ltr'>h</span> <span class='ocrx_word' id='word_1_215' title='bbox 2189 2591 2250 2638; x_wconf 84' lang='lat' dir='ltr'>de</span> <span class='ocrx_word' id='word_1_216' title='bbox 2273 2589 2443 2639; x_wconf 81' lang='lat' dir='ltr'>Baillis</span> <span class='ocrx_word' id='word_1_217' title='bbox 2466 2597 2517 2638; x_wconf 84' lang='lat' dir='ltr'>et</span> 
     </span>
    </p>
   </div>
   <div class='ocr_carea' id='block_1_8' title="bbox 589 2686 2105 2924">
    <p class='ocr_par' dir='ltr' id='par_1_8' title="bbox 589 2686 2105 2924">
     <span class='ocr_line' id='line_1_24' title="bbox 593 2686 763 2727; baseline 0 0"><span class='ocrx_word' id='word_1_218' title='bbox 593 2686 763 2727; x_wconf 86' lang='lat' dir='ltr'>cetera.</span> 
     </span>
     <span class='ocr_line' id='line_1_25' title="bbox 589 2859 2105 2924; baseline 0.001 -16"><span class='ocrx_word' id='word_1_219' title='bbox 589 2861 733 2909; x_wconf 89' lang='lat' dir='ltr'>Carta</span> <span class='ocrx_word' id='word_1_220' title='bbox 755 2860 1019 2908; x_wconf 89' lang='lat' dir='ltr'>Alexandri</span> <span class='ocrx_word' id='word_1_221' title='bbox 1044 2860 1189 2923; x_wconf 87' lang='lat' dir='ltr'>Regis</span> <span class='ocrx_word' id='word_1_222' title='bbox 1214 2860 1273 2907; x_wconf 92' lang='lat' dir='ltr'>de</span> <span class='ocrx_word' id='word_1_223' title='bbox 1295 2875 1488 2908; x_wconf 85' lang='lat' dir='ltr'>nemore</span> <span class='ocrx_word' id='word_1_224' title='bbox 1511 2859 1767 2924; x_wconf 86' lang='lat' dir='ltr'>Kelcamsy</span> <span class='ocrx_word' id='word_1_225' title='bbox 1789 2862 1840 2909; x_wconf 92' lang='lat' dir='ltr'>in</span> <span class='ocrx_word' id='word_1_226' title='bbox 1863 2860 2105 2911; x_wconf 88' lang='lat' dir='ltr'>forestum.</span> 
     </span>
    </p>
   </div>
   <div class='ocr_carea' id='block_1_9' title="bbox 586 3023 2515 3375">
    <p class='ocr_par' dir='ltr' id='par_1_9' title="bbox 586 3023 2515 3375">
     <span class='ocr_line' id='line_1_26' title="bbox 594 3023 2515 3106; baseline 0.002 -16"><span class='ocrx_word' id='word_1_227' title='bbox 594 3023 890 3091; x_wconf 81' lang='lat' dir='ltr'>Alexander</span> <span class='ocrx_word' id='word_1_228' title='bbox 914 3041 1006 3102; x_wconf 80' lang='lat' dir='ltr'>Dei</span> <span class='ocrx_word' id='word_1_229' title='bbox 1029 3043 1182 3105; x_wconf 84' lang='lat' dir='ltr'>gratia</span> <span class='ocrx_word' id='word_1_230' title='bbox 1207 3041 1316 3089; x_wconf 85' lang='lat' dir='ltr'>Rex</span> <span class='ocrx_word' id='word_1_231' title='bbox 1341 3040 1619 3088; x_wconf 87' lang='lat' dir='ltr'>Scottorum</span> <span class='ocrx_word' id='word_1_232' title='bbox 1642 3043 1863 3090; x_wconf 90' lang='lat' dir='ltr'>omnibus</span> <span class='ocrx_word' id='word_1_233' title='bbox 1879 3044 2041 3106; x_wconf 91' lang='lat' dir='ltr'>probis</span> <span class='ocrx_word' id='word_1_234' title='bbox 2063 3044 2340 3092; x_wconf 91' lang='lat' dir='ltr'>hominibus</span> <span class='ocrx_word' id='word_1_235' title='bbox 2363 3047 2515 3094; x_wconf 87' lang='lat' dir='ltr'>totius</span> 
     </span>
     <span class='ocr_line' id='line_1_27' title="bbox 589 3112 2514 3194; baseline 0.002 -13"><span class='ocrx_word' id='word_1_236' title='bbox 589 3141 714 3181; x_wconf 87' lang='lat' dir='ltr'>terre</span> <span class='ocrx_word' id='word_1_237' title='bbox 734 3131 816 3181; x_wconf 88' lang='lat' dir='ltr'>sue</span> <span class='ocrx_word' id='word_1_238' title='bbox 837 3112 1039 3180; x_wconf 83' lang='lat' dir='ltr'>salutem</span> <span class='ocrx_word' id='word_1_239' title='bbox 1107 3131 1280 3180; x_wconf 88' lang='lat' dir='ltr'>Sciatis</span> <span class='ocrx_word' id='word_1_240' title='bbox 1303 3132 1429 3194; x_wconf 93' lang='lat' dir='ltr'>quod</span> <span class='ocrx_word' id='word_1_241' title='bbox 1453 3129 1762 3182; x_wconf 87' lang='lat' dir='ltr'>conceffimus</span> <span class='ocrx_word' id='word_1_242' title='bbox 1785 3135 2026 3183; x_wconf 90' lang='lat' dir='ltr'>canonicis</span> <span class='ocrx_word' id='word_1_243' title='bbox 2044 3135 2105 3183; x_wconf 88' lang='lat' dir='ltr'>de</span> <span class='ocrx_word' id='word_1_244' title='bbox 2123 3135 2251 3184; x_wconf 89' lang='lat' dir='ltr'>Scon</span> <span class='ocrx_word' id='word_1_245' title='bbox 2269 3141 2326 3184; x_wconf 92' lang='lat' dir='ltr'>ut</span> <span class='ocrx_word' id='word_1_246' title='bbox 2343 3151 2514 3184; x_wconf 90' lang='lat' dir='ltr'>nemus</span> 
     </span>
     <span class='ocr_line' id='line_1_28' title="bbox 586 3220 2514 3289; baseline 0.002 -19"><span class='ocrx_word' id='word_1_247' title='bbox 586 3223 723 3271; x_wconf 89' lang='lat' dir='ltr'>suum</span> <span class='ocrx_word' id='word_1_248' title='bbox 754 3224 805 3270; x_wconf 91' lang='lat' dir='ltr'>in</span> <span class='ocrx_word' id='word_1_249' title='bbox 838 3222 1094 3285; x_wconf 88' lang='lat' dir='ltr'>Kelcamsy</span> <span class='ocrx_word' id='word_1_250' title='bbox 1127 3223 1336 3271; x_wconf 87' lang='lat' dir='ltr'>habeant</span> <span class='ocrx_word' id='word_1_251' title='bbox 1369 3224 1419 3270; x_wconf 92' lang='lat' dir='ltr'>in</span> <span class='ocrx_word' id='word_1_252' title='bbox 1454 3220 1680 3271; x_wconf 87' lang='lat' dir='ltr'>forestum</span> <span class='ocrx_word' id='word_1_253' title='bbox 1780 3224 1941 3282; x_wconf 87' lang='lat' dir='ltr'>Quare</span> <span class='ocrx_word' id='word_1_254' title='bbox 1973 3225 2175 3274; x_wconf 87' lang='lat' dir='ltr'>firmiter</span> <span class='ocrx_word' id='word_1_255' title='bbox 2207 3226 2514 3289; x_wconf 85' lang='lat' dir='ltr'>prohibemus</span> 
     </span>
     <span class='ocr_line' id='line_1_29' title="bbox 587 3310 2515 3375; baseline 0.003 -15"><span class='ocrx_word' id='word_1_256' title='bbox 587 3329 648 3361; x_wconf 89' lang='lat' dir='ltr'>ne</span> <span class='ocrx_word' id='word_1_257' title='bbox 667 3315 771 3375; x_wconf 87' lang='lat' dir='ltr'>quis</span> <span class='ocrx_word' id='word_1_258' title='bbox 794 3310 892 3362; x_wconf 87' lang='grc'>11110</span> <span class='ocrx_word' id='word_1_259' title='bbox 916 3314 1175 3362; x_wconf 90' lang='lat' dir='ltr'>eorundem</span> <span class='ocrx_word' id='word_1_260' title='bbox 1198 3314 1532 3362; x_wconf 87' lang='lat' dir='ltr'>canonicorum</span> <span class='ocrx_word' id='word_1_261' title='bbox 1551 3314 1751 3363; x_wconf 88' lang='lat' dir='ltr'>licencia</span> <span class='ocrx_word' id='word_1_262' title='bbox 1772 3316 1822 3363; x_wconf 91' lang='lat' dir='ltr'>in</span> <span class='ocrx_word' id='word_1_263' title='bbox 1845 3316 1971 3364; x_wconf 83' lang='grc' dir='ltr'>(11ἃο</span> <span class='ocrx_word' id='word_1_264' title='bbox 1994 3331 2191 3365; x_wconf 89' lang='lat' dir='ltr'>nemore</span> <span class='ocrx_word' id='word_1_265' title='bbox 2213 3315 2297 3365; x_wconf 91' lang='lat' dir='ltr'>suo</span> <span class='ocrx_word' id='word_1_266' title='bbox 2319 3318 2370 3365; x_wconf 90' lang='grc'>111</span> <span class='ocrx_word' id='word_1_267' title='bbox 2393 3316 2515 3365; x_wconf 90' lang='lat' dir='ltr'>Kel-</span> 
     </span>
    </p>
   </div>
  </div>
 </body>
</html>
