3002 4030
423 523 536 556 REG.
555 523 665 557 ROB.
685 525 759 557 111.
980 513 1028 559 S.
1064 514 1457 564 TRINITATIS
1494 516 1584 563 DE
1620 517 1812 565 SCON.
2249 525 2337 567 153

421 637 640 686 Abbates
675 643 756 701 qui
796 657 881 704 pro
921 650 1136 706 tempore
1170 647 1356 693 fuerint
1401 648 1540 695 mitra
1580 648 1725 694 anulo
1778 654 1829 694 et
1870 649 1976 695 aliis
2019 649 2337 710 potificalibus

419 725 630 791 insigniis
654 731 802 779 libere
829 731 1010 794 possitis
1044 737 1115 781 uti
1152 735 1218 783 Et
1252 738 1378 797 quod
1412 739 1460 783 in
1497 739 1622 785 dicto
1655 737 1936 785 monasterio
1972 745 2021 785 et
2054 740 2337 800 prioratibus

418 820 574 866 eidem
614 820 898 870 monasterio
938 819 1156 886 subjefflzis
1196 842 1251 874 ac
1289 827 1635 888 parochialibus
1676 834 1726 874 et
1766 829 1870 875 aliis
1910 826 2118 875 ecclesiis
2158 829 2216 875 ad
2258 844 2340 874 vos

418 913 632 971 quamvis
667 913 810 973 pleno
836 915 946 975 jure
976 931 1072 961 non
1095 914 1275 963 subsint
1298 917 1648 977 pertinentibus
1682 916 2074 965 Benedifitionem
2097 917 2339 965 solennem

417 1000 557 1062 super
600 1003 830 1064 populum
869 1004 974 1066 post
1013 1005 1251 1054 mistarum
1291 1006 1590 1068 vesperorum
1635 1014 1685 1054 et
1729 1010 2069 1056 matutinorum
2113 1008 2339 1055 solemnia

418 1092 674 1139 dummodo
698 1095 747 1139 in
770 1095 1099 1143 benedictione
1122 1096 1388 1158 hujusmodi
1412 1098 1581 1158 aliquis
1605 1095 1801 1145 antistes
1823 1097 1904 1145 seu
1934 1098 2055 1145 sedis
2085 1098 2338 1160 apostolice

416 1182 602 1244 legatus
625 1183 815 1244 presens
838 1200 934 1231 non
958 1187 1103 1233 fuerit
1127 1187 1313 1249 elargiri
1336 1185 1515 1248 poslitis
1538 1187 1688 1234 felicis
1711 1189 2049 1235 recordationis
2072 1188 2336 1235 Alexandri

416 1288 538 1334 pape
561 1275 717 1333 quarti
740 1273 1072 1335 predecessoris
1094 1274 1239 1323 nostri
1263 1292 1355 1337 que
1378 1278 1547 1337 incipit
1570 1276 1789 1324 Abbates
1823 1283 1872 1324 et
1906 1278 2010 1324 aliis
2041 1278 2337 1339 quibuscum-

417 1378 510 1422 que
534 1362 953 1411 constitutionibus
976 1364 1244 1426 apostolicis
1275 1368 1323 1413 in
1354 1368 1644 1413 contrarium
1668 1367 1808 1413 editis
1831 1383 2129 1428 nequaquam
2152 1367 2338 1415 obstan-

417 1453 547 1500 tibus
582 1454 716 1500 vobis
753 1461 803 1501 et
843 1454 1019 1502 eisdem
1054 1455 1389 1503 successoribus
1426 1457 1730 1503 Aufitoritate
1766 1455 2020 1518 apostolica
2058 1458 2117 1504 de
2150 1457 2338 1519 speciali

415 1544 569 1605 gratia
591 1550 758 1591 tenore
780 1525 1070 1605 presentium
1093 1546 1467 1609 indulgemusN
1469 1546 1555 1593 ulli
1579 1562 1690 1608 ergo
1714 1548 1906 1593 omnino
1928 1548 2174 1593 hominum
2197 1548 2339 1596 liceat

416 1635 538 1681 hanc
560 1636 783 1696 paginam
811 1634 968 1682 nostre
1002 1635 1309 1684 conceflionis
1343 1638 1600 1699 infringere
1624 1637 1701 1684 vel
1732 1639 1777 1684 ei
1808 1636 1922 1684 ausu
1956 1640 2207 1686 temerario
2230 1654 2340 1686 con-

416 1725 560 1771 traire
584 1724 636 1771 Si
662 1726 767 1786 quis
790 1731 953 1774 autem
975 1727 1067 1774 hoc
1089 1734 1377 1789 attemptare
1410 1726 1743 1789 presumpserit
1776 1727 2161 1791 Indignationem
2190 1731 2339 1776 omni-

415 1817 627 1877 potentis
646 1817 721 1862 dei
741 1823 791 1863 et
808 1817 1054 1864 beatorum
1080 1820 1205 1879 petri
1224 1825 1274 1865 et
1291 1818 1421 1880 pauli
1440 1816 1777 1879 Apostolorum
1800 1819 1900 1880 ejus
1916 1818 1965 1866 se
1982 1820 2168 1866 noverit
2185 1820 2339 1866 incur-

415 1906 575 1953 surum
600 1907 766 1953 datum
785 1906 999 1954 Avinion
1022 1909 1068 1969 ij.
1087 1909 1150 1955 id.
1176 1908 1472 1970 Septembris
1494 1910 1800 1976 pontificatus
1825 1906 1967 1957 nostri
1985 1909 2131 1957 Anno
2154 1911 2305 1971 primo
2325 1934 2335 1944 ·

350 2131 353 2133 .
417 2088 562 2135 Carta
585 2087 795 2136 Walteri
819 2087 1040 2151 Episcopi
1064 2090 1227 2137 Sancti
1250 2090 1448 2137 Andree
1471 2090 1530 2137 de
1553 2084 1759 2137 ecclesiis
1783 2096 1833 2137 et
1856 2090 2049 2152 capellis
2074 2127 2084 2136 .

270 2277 374 2322 193.

423 2253 687 2318 Universis
720 2269 878 2317 sanGte
911 2272 1077 2317 matris
1122 2267 1319 2317 ecclesie
1358 2268 1468 2315 filiis
1501 2269 1562 2316 ad
1595 2284 1797 2330 quorum
1830 2271 2051 2316 notitiam
2085 2269 2336 2331 presentes,

417 2361 579 2407 littere
595 2362 901 2423 pervenerint
925 2388 937 2398 -
963 2360 1212 2408 Walterus
1230 2359 1532 2406 miseratione
1550 2360 1710 2406 divina
1727 2358 1988 2421 Episcopus
2004 2359 2338 2406 Sanffiandree

415 2450 618 2498 salutem
653 2453 703 2497 in
738 2453 952 2498 omnium
988 2451 1237 2499 Salvatore
1273 2451 1519 2497 Noveritis
1552 2465 1639 2496 nos
1673 2466 1782 2497 cum
1820 2448 2045 2496 consensu
2079 2456 2130 2497 et
2162 2447 2337 2497 assensu

415 2542 612 2604 capituli
658 2541 805 2588 nostri
838 2540 1162 2589 sanffiandree
1202 2538 1469 2589 concessisse
1503 2546 1554 2588 et
1597 2539 1828 2602 presentis
1874 2539 2032 2603 scripti
2077 2542 2336 2602 patrocinio

413 2630 704 2679 confirmasse
726 2635 776 2678 in
799 2631 910 2679 usus
935 2634 1148 2694 proprios
1170 2631 1354 2679 Abbati
1379 2638 1429 2678 et
1453 2632 1691 2679 canonicis
1726 2633 1785 2678 de
1819 2632 1975 2679 Scona
1998 2633 2172 2679 ordinis
2195 2631 2337 2679 san6ti

413 2720 672 2785 Augustini
695 2721 852 2770 nostre
876 2721 1071 2770 diocesis
1095 2723 1273 2770 ibidem
1297 2723 1386 2769 deo
1413 2721 1727 2769 servientibus
1759 2728 1810 2769 et
1843 2724 2175 2784 inperpetuum
2198 2721 2338 2768 servi-

415 2815 534 2859 turis
557 2828 723 2860 omnes
747 2811 967 2861 ecclesias
991 2829 1108 2874 quas
1140 2814 1322 2860 habent
1355 2812 1406 2859 in
1440 2810 1712 2874 episcopatu
1745 2810 1902 2859 nostro
1937 2811 2255 2860 sanfflandree
2288 2814 2337 2859 in

417 2905 613 2951 liberam
637 2920 804 2965 puram
839 2910 890 2951 et
924 2910 1206 2966 perpetuam
1241 2900 1546 2950 elemosinam
1569 2927 1580 2938 ·
1605 2904 1679 2949 viz
1702 2928 1713 2940 ·
1740 2901 1998 2956 Ecclesiam
2027 2904 2085 2949 de
2109 2903 2265 2950 Scona
2287 2910 2336 2950 et

415 2993 625 3057 ejusdem
661 2996 865 3057 capellas
901 2996 961 3042 de
995 2995 1249 3042 kinfawnis
1285 2995 1344 3041 de
1379 2993 1503 3055 Crag
1537 3000 1587 3039 et
1622 2994 1680 3039 de
1715 2992 1845 3039 Rath
1886 2990 2129 3040 ecclesiam
2164 2994 2223 3040 de
2255 2994 2346 3055 lyff

415 3085 661 3133 ecclesiam
685 3086 744 3133 de
768 3085 1064 3149 Invergoury
1086 3083 1333 3132 ecclesiam
1359 3085 1417 3130 de
1441 3084 1711 3145 logydunde
1742 3081 1986 3130 ecclesiam
2021 3085 2080 3130 de
2112 3084 2337 3131 Cambus-

414 3176 591 3223 michel
637 3203 649 3214 ·
696 3175 959 3224 Ecclesiam
998 3178 1058 3223 de
1093 3174 1348 3237 Kilspindy
1383 3187 1399 3220 s
1438 3171 1700 3220 Ecclesiam
1746 3174 1805 3220 de
1851 3174 1981 3221 blare
2027 3174 2131 3222 Has
2174 3182 2336 3222 autem

414 3260 635 3315 ecclesias
682 3283 792 3314 cum
839 3267 1033 3330 capellis
1078 3274 1130 3314 et
1164 3267 1384 3314 omnibus
1417 3265 1725 3325 pertinenciis
1758 3262 1850 3310 suis
1884 3280 1912 3311 a
1943 3263 2338 3326 predecessoribus

1365 3369 1399 3401 U
