3002 4030
510 1807 614 1856 176.

657 502 746 545 132
1331 498 1539 546 LIBER
1573 496 1901 545 ECCLESIE
2343 510 2443 545 sac.
2471 511 2577 544 X1v.

653 643 795 689 quam
818 644 947 675 nunc
970 629 1140 690 prefati
1164 626 1366 691 religiosi
1390 626 1625 690 possident
1650 643 1759 675 cum
1783 625 1960 674 statum
1979 633 2029 673 et
2046 624 2370 688 possessionem
2394 642 2579 688 corpor-

653 718 777 766 alem
799 720 983 780 prefate
1006 717 1202 766 ecclesie
1226 719 1286 766 de
1309 719 1413 766 blar
1436 719 1733 765 obtinuerint
1756 714 2046 778 dispositioni
2069 715 2322 778 provisioni
2354 726 2405 765 et
2433 718 2577 765 colla-

654 810 772 856 tioni
793 807 950 856 nostre
973 815 1023 856 et
1045 807 1354 856 successorum
1376 807 1638 855 nostrorum
1664 808 1814 855 libere
1831 813 2076 854 remaneat
2094 822 2150 854 ac
2167 808 2310 869 pleno
2326 808 2435 869 jure
2458 807 2578 856 sem-

653 915 739 962 per
754 902 993 962 pertineat
1015 901 1064 946 in
1088 899 1303 946 futurum
1322 898 1627 946 Renunciato
1644 899 1836 960 penitus
1853 913 1939 959 per
1955 897 2164 959 prefatos
2186 896 2427 961 religiosos
2449 900 2579 945 omni

646 992 756 1051 jure
783 991 909 1051 quod
943 987 1052 1051 ipsis
1085 990 1391 1051 competebat
1424 989 1500 1036 vel
1531 996 1805 1050 competere
1833 990 1992 1050 potuit
2015 989 2066 1034 in
2088 988 2257 1035 eadem
2325 988 2391 1035 Et
2414 995 2470 1035 ut
2491 989 2580 1036 hec

653 1078 813 1128 nostra
833 1078 1021 1142 presens
1038 1080 1296 1127 annexatio
1314 1076 1545 1126 concessio
1560 1086 1610 1126 et
1625 1080 1823 1126 donacio
1845 1079 2040 1140 prefatis
2060 1075 2287 1140 religiosis
2306 1077 2431 1126 fa&
2451 1079 2582 1127 futu-

655 1172 717 1217 ris
735 1172 977 1232 perpetuis
1000 1170 1293 1232 temporibus
1310 1170 1447 1217 firma
1468 1176 1519 1216 et
1542 1167 1812 1217 inconcussa
1828 1174 2107 1230 permaneat
2126 1168 2351 1230 Sigillum
2368 1168 2581 1217 nostrum

654 1264 951 1310 autenticum
976 1278 1073 1310 una
1099 1277 1209 1310 cum
1238 1261 1407 1323 sigillo
1431 1263 1675 1308 communi
1698 1260 1897 1322 capituli
1920 1258 2066 1306 nostri
2090 1257 2385 1321 presentibus
2408 1258 2479 1307 est
2501 1276 2583 1323 ap-

654 1351 853 1414 pensum
877 1352 1061 1400 Datum
1096 1354 1223 1414 apud
1254 1351 1716 1400 Sanctumandream
1750 1351 1835 1411 xij⁰
1866 1351 1944 1397 die
1972 1347 2146 1397 mensis
2176 1351 2398 1413 februarij
2433 1350 2582 1398 Anno

655 1444 835 1490 domini
858 1447 920 1492 m⁰
943 1451 1043 1491 ccc⁰
1066 1442 1161 1505 lvj‘f‘

657 1625 803 1673 Carta
825 1624 1066 1672 Willelmi
1090 1625 1311 1688 Episcopi
1335 1626 1499 1674 Sanffi
1522 1626 1720 1674 Andree
1743 1626 1804 1673 de
1828 1622 2027 1673 ecclesia
2049 1626 2109 1673 de
2132 1623 2250 1672 Blar
2273 1651 2283 1661 ·

661 1792 924 1856 Universis
956 1808 1017 1855 ad
1040 1822 1158 1869 quos
1179 1806 1423 1869 presentes
1454 1807 1616 1854 littere
1646 1808 1954 1869 pervenerint
1978 1806 2257 1854 Willelmus
2284 1805 2585 1855 miseratione

655 1899 816 1945 divina
846 1896 1107 1960 Episcopus
1135 1895 1460 1945 fimffiandree
1490 1903 1706 1945 eternam
1739 1898 1791 1944 in
1821 1898 2015 1944 domino
2047 1897 2250 1944 salutem
2281 1913 2342 1945 ex
2376 1896 2588 1960 Religio-

656 1990 810 2036 sorum
834 1990 1041 2035 virorum
1064 1987 1272 2036 Abbatis
1295 1995 1346 2035 et
1369 1993 1636 2035 conventus
1657 1985 1930 2049 monasterij
1955 1988 2014 2034 de
2039 1987 2197 2036 Scona
2229 1988 2406 2035 ordinis
2439 1986 2586 2035 sanffl

656 2078 915 2143 Augustini
938 2078 1096 2126 nostre
1115 2077 1311 2126 diocesis
1334 2076 1652 2126 insinuatione
1675 2079 1812 2125 nobis
1830 2094 1982 2139 nuper
2003 2079 2217 2125 innotuit
2240 2079 2367 2139 quod
2390 2076 2587 2126 ecclesie

657 2172 717 2218 de
739 2169 965 2218 kerinto'fi
994 2171 1046 2216 in
1079 2171 1293 2231 partibus
1320 2170 1543 2217 laudonie
1578 2170 1704 2216 diste
1738 2167 1896 2215 nostre
1929 2165 2124 2216 diocesis
2155 2166 2414 2216 constituta
2444 2184 2587 2230 quam

657 2263 769 2309 dieti
807 2258 1033 2323 Religiosi
1057 2277 1086 2308 a
1108 2261 1273 2308 multis
1306 2261 1552 2308 retroaffis
1586 2259 1881 2321 temporibus
1903 2260 1954 2305 in
1977 2260 2189 2321 proprios
2220 2258 2329 2306 usus
2353 2265 2403 2307 et
2425 2275 2589 2306 mona-

659 2352 786 2413 sterij
815 2351 885 2398 sui
919 2352 1115 2412 prediffl
1145 2351 1408 2398 utilitatem
1442 2351 1689 2398 tenuerint
1721 2357 1864 2411 prout
1898 2350 2053 2397 adhuc
2088 2355 2260 2396 tenent
2289 2351 2503 2411 quamvis
2537 2352 2588 2398 in

658 2442 922 2489 redditibus
956 2440 1068 2488 satis
1091 2442 1304 2488 abundet
1338 2441 1440 2502 ejus
1473 2448 1638 2488 tamen
1672 2440 1858 2488 utilitas
1891 2447 2085 2503 propter
2114 2441 2298 2488 viarum
2321 2439 2589 2489 discrimina

659 2543 709 2580 et
732 2533 945 2580 locorum
969 2530 1239 2579 distantiam
1263 2533 1314 2578 in
1338 2530 1409 2578 sui
1435 2532 1740 2579 commodum
1773 2532 1834 2578 de
1867 2531 1997 2579 facili
2030 2532 2244 2579 converti
2278 2547 2375 2578 non
2396 2530 2553 2594 potest
2572 2546 2588 2579 s

658 2624 879 2686 quodque
902 2620 1099 2670 ecclesia
1126 2623 1186 2669 de
1217 2623 1322 2669 blar
1357 2620 1553 2670 diocesis
1583 2621 1741 2671 nostre
1771 2625 1983 2686 prediflffi
2005 2625 2141 2671 cuius
2171 2624 2364 2671 collatio
2386 2622 2588 2685 provisio

658 2722 710 2763 et
737 2715 1010 2762 omnimoda
1043 2711 1279 2775 dispositio
1310 2714 1369 2761 ad
1402 2730 1488 2761 nos
1516 2714 1660 2776 pleno
1683 2715 1793 2777 jure
1823 2717 2064 2777 pertinere
2087 2714 2379 2762 dinoscitur!
2401 2715 2516 2763 licet
2538 2716 2588 2762 in

658 2804 923 2852 redditibus
951 2804 1209 2851 admodum
1232 2801 1292 2850 sit
1314 2803 1453 2851 exilis
1472 2817 1488 2851 s
1510 2805 1617 2866 plus
1640 2812 1804 2852 tamen
1827 2805 2054 2853 utilitatis
2075 2813 2270 2869 propter
2293 2807 2588 2853 vicinitatem

658 2897 727 2943 eis
753 2901 804 2942 et
826 2893 1111 2941 monasterio
1142 2893 1224 2940 suo
1258 2894 1449 2942 afferret
1483 2893 1520 2941 fi
1552 2896 1612 2942 de
1646 2896 1785 2943 dietis
1819 2894 2028 2944 ecclesiis
2050 2898 2455 2959 permutationem
2478 2913 2590 2945 con-

660 2988 870 3049 tingeret
909 2985 1138 3033 celebrari
1175 2983 1425 3047 presertim
1460 3001 1523 3033 ex
1558 3002 1615 3034 eo
1650 2988 1777 3047 quod
1810 2985 2009 3035 ecclesia
2041 2988 2102 3034 de
2135 2987 2267 3035 blare
2299 2988 2511 3050 preditam
2539 2990 2590 3035 in

660 3078 900 3124 territorio
936 3075 1045 3138 ipsis
1083 3075 1336 3139 Religiosis
1364 3078 1551 3125 ratione
1585 3079 1781 3140 dominij
1821 3078 2097 3140 temporalis
2131 3078 2345 3140 subjeeto
2379 3075 2590 3126 consistit

661 3167 820 3223 Quare
864 3167 1000 3213 nobis
1041 3167 1153 3214 dieti
1198 3166 1406 3230 religiosi
1446 3165 1774 3230 supplicarunt
1813 3169 2039 3230 quatinus
2083 3170 2210 3217 diae
2248 3169 2589 3232 permutationi

662 3257 878 3305 faciende
916 3254 1127 3305 nostrum
1167 3256 1444 3305 consensum
1488 3265 1542 3306 et
1582 3258 1918 3308 auctoritatem
1957 3260 2234 3323 impendere
2272 3259 2590 3322 dignaremur.
