2982 4016
553 932 612 974 4⁶2

643 524 705 568 28
1322 513 1530 562 LIBER
1564 509 1893 559 ECCLESIE
2354 523 2453 558 sne.
2480 522 2572 557 x11.

646 742 956 791 Confirmatio
976 737 1215 787 Willelmi
1233 736 1379 799 Regis
1398 735 1458 782 de
1476 732 1735 782 donatione
1750 731 1943 779 Ricardi
1966 729 2174 794 episcopi
2198 731 2361 780 Sanffi
2385 732 2597 782 Andree.

649 909 945 973 Willelmus
981 920 1075 969 Dei
1113 919 1268 983 gratia
1303 916 1412 964 Rex
1449 914 1727 963 Scottorum
1764 911 1995 975 episcopis
2029 912 2284 961 abbatibus
2324 915 2580 962 comitibus

647 1015 898 1064 baronibus
913 1010 1112 1075 justitiis
1134 1007 1495 1057 vicecomitibus
1529 1002 1751 1055 ministris
1785 1009 1837 1051 et
1871 1003 2094 1051 omnibus
2124 1004 2284 1067 probis
2306 1004 2581 1053 hominibus

648 1108 796 1155 totius
827 1111 952 1152 terre
974 1101 1178 1150 salutem
1245 1099 1412 1147 Sciant
1444 1096 1689 1160 presentes
1724 1101 1775 1143 et
1808 1095 1959 1143 futuri
1995 1093 2076 1143 me
2109 1092 2377 1144 concessiss'e
2409 1101 2462 1144 et
2493 1097 2583 1145 hac

648 1203 777 1245 carta
799 1210 906 1243 mea
928 1189 1219 1242 confirmasse
1253 1189 1361 1237 Deo
1397 1195 1448 1236 et
1482 1185 1679 1236 ecclefie
1714 1188 1775 1235 de
1810 1185 1939 1235 Scon
1973 1193 2026 1234 et
2059 1187 2223 1235 abbati
2257 1193 2309 1236 et
2342 1189 2583 1237 canonicis

647 1288 823 1335 ibidem
848 1286 955 1333 Deo
977 1282 1291 1332 servientibus
1325 1280 1653 1328 Donationem
1687 1294 1833 1341 quam
1855 1278 2092 1326 Ricardus
2116 1277 2363 1342 episcopus
2398 1279 2584 1328 Sanfiti-

648 1379 822 1426 andree
847 1378 915 1424 eis
937 1376 1053 1423 fecit
1076 1375 1135 1421 de
1160 1370 1357 1421 ecclesia
1379 1377 1430 1419 et
1452 1376 1582 1418 terra
1605 1371 1666 1417 de
1690 1369 1990 1433 Logydunde
2012 1368 2194 1418 scilicet
2222 1371 2283 1419 de
2318 1372 2448 1419 omni
2473 1373 2585 1435 jure

651 1470 778 1531 quod
800 1466 1006 1530 episcopi
1030 1465 1194 1514 Sanffi
1217 1463 1414 1511 Andree
1436 1462 1613 1509 habere
1637 1461 1818 1509 debent
1847 1462 1898 1508 in
1929 1462 2143 1523 predi&a
2165 1459 2363 1511 ecclesia
2385 1469 2436 1511 et
2458 1469 2586 1512 terra

653 1561 865 1609 Tenend.
890 1561 940 1606 in
963 1558 1162 1605 liberam
1185 1561 1235 1603 et
1257 1559 1539 1617 perpetuam
1564 1550 1871 1600 elemosmam
1905 1553 1975 1600 ita
2007 1552 2157 1601 libere
2179 1554 2342 1616 quiete
2374 1555 2588 1618 plenarie

653 1659 704 1700 et
726 1650 983 1699 honorifice
1005 1663 1116 1696 cum
1139 1646 1360 1694 omnibus
1383 1659 1548 1692 earum
1570 1641 1707 1691 iustis
1736 1643 2045 1706 pertinentiis
2075 1642 2198 1692 ficut
2228 1651 2359 1693 carte
2392 1646 2586 1695 Ricardi

654 1751 705 1791 et
728 1742 949 1805 Hugonis
967 1739 1292 1803 episcoporum
1310 1737 1473 1786 Sanffl
1492 1734 1691 1784 Andree
1708 1732 1947 1784 testantur
1961 1742 2012 1784 et
2029 1735 2373 1786 confirmantur
2439 1737 2587 1787 Saluo

652 1834 842 1882 servitio
865 1847 986 1880 meo,
1054 1829 1172 1879 Test
1193 1838 1286 1878 ’ἱρὴ

655 2016 800 2063 Carta
824 2014 1062 2062 Willelmi
1087 2013 1232 2076 Regis
1255 2013 1316 2059 de
1343 2012 1515 2075 viginti
1537 2010 1698 2059 solidis
1721 2010 1808 2059 διο.
1832 2010 1892 2059 ad
1916 2011 2082 2059 lumen
2105 2010 2316 2060 ecclesie.

566 2210 625 2251 43
658 2182 957 2244 Willelmus
980 2195 1089 2243 Rex
1112 2194 1391 2260 Scottorum
1415 2193 1654 2242 Omnibus
1677 2194 1837 2256 probis
1871 2194 2145 2243 hominibus
2167 2195 2319 2243 totius
2347 2202 2474 2244 terre
2507 2197 2590 2246 sue

658 2288 859 2336 salutem
926 2286 1098 2335 Sciatis
1129 2301 1208 2334 me
1242 2282 1508 2334 concessifi'e
1542 2290 1593 2333 et
1629 2285 1720 2333 hac
1756 2292 1889 2334 carta
1923 2301 2034 2334 mea
2067 2284 2360 2334 confirmasse
2395 2287 2504 2336 Deo
2541 2296 2591 2337 et

662 2377 856 2428 ecclesie
895 2379 955 2426 de
993 2378 1119 2426 Scon
1156 2384 1207 2425 et
1242 2377 1404 2425 abbati
1444 2382 1496 2424 et
1536 2378 1777 2425 canonicis
1813 2378 1993 2426 ibidem
2033 2376 2141 2425 Deo
2175 2375 2491 2429 servientibus
2530 2383 2590 2429 ad

662 2471 825 2517 lumen
847 2469 1030 2531 prefate
1054 2466 1249 2516 ecclesie
1272 2468 1443 2531 viginti
1466 2467 1640 2516 solidos
1663 2469 1724 2516 de
1746 2468 1886 2517 firma
1913 2483 2025 2517 mea
2046 2468 2107 2516 de
2130 2467 2282 2516 Perth
2304 2475 2356 2517 et
2379 2471 2439 2519 ad
2462 2471 2591 2521 idem

662 2562 908 2623 negotium
948 2560 1115 2607 decem
1145 2558 1316 2606 solidos
1351 2560 1411 2606 de
1441 2559 1578 2607 firma
1614 2559 1818 2607 duorum
1853 2559 2239 2608 molendinorum
2272 2574 2491 2610 meorum
2530 2564 2590 2612 de

663 2654 812 2702 Perth
834 2669 927 2715 que
949 2652 1059 2700 sunt
1082 2652 1219 2715 super
1248 2668 1439 2701 amnem
1474 2654 1534 2701 de
1557 2652 1759 2701 Amund
1781 2657 1832 2700 et
1855 2652 2092 2700 decimam
2113 2651 2374 2700 eorundem
2408 2653 2591 2702 molen-

664 2746 882 2792 dinorum
907 2743 1093 2791 Pariter
1118 2744 1344 2806 prohibeo
1367 2745 1530 2807 itaque
1551 2751 1609 2792 ut
1631 2743 1794 2792 nullus
1817 2744 1887 2792 eis
1910 2743 2166 2806 quicquam
2196 2742 2370 2791 iniuste
2405 2745 2591 2794 auferre

663 2835 739 2883 vel
764 2836 979 2882 detinere
1001 2833 1239 2896 presumat
1262 2834 1401 2897 super
1423 2834 1713 2885 foriffa&um
1734 2849 1899 2882 meum
1964 2831 2199 2882 Testibus.

666 2999 809 3047 Carta
822 2998 1059 3046 Willelmi
1075 2998 1223 3062 Regis
1240 2999 1300 3048 de
1318 3000 1515 3048 decimis
1532 3006 1583 3048 et
1599 2998 1965 3048 reffltudinibus
1978 2997 2175 3049 ecclesie
2193 3000 2254 3048 de
2269 2999 2589 3049 Louchoruer.

577 3183 637 3225 44
671 3164 965 3227 Willelmus
988 3179 1096 3228 Rex
1119 3179 1396 3230 Scottorum
1419 3181 1640 3231 omnibus
1662 3182 1823 3244 probis
1854 3181 2128 3232 hominibus
2161 3182 2243 3245 qui
2275 3189 2474 3231 manent
2507 3189 2591 3229 aut
