3002 4030
240 1078 345 1123 160.

395 498 509 532 REG.
530 499 690 531 DAv1D
710 499 765 530 11.
945 484 993 531 S.
1029 485 1425 534 TRINITATIS
1460 487 1553 534 DE
1589 488 1782 537 SCON.
2230 501 2320 546 119

392 621 518 661 teras
555 613 737 662 nostras
775 613 860 662 fibi
899 615 1002 662 fieri
1041 617 1242 663 fecimus
1287 624 1509 678 patentes
1554 635 1639 681 pro
1684 619 1766 666 suo
1810 628 2041 682 perpetuo
2077 623 2324 673 duraturas

394 704 577 751 Datum
599 705 748 767 Apud
771 707 912 768 perth
935 707 1070 768 xviij⁰
1093 708 1170 754 die
1194 708 1304 768 maij
1330 706 1477 754 Anno
1500 711 1634 771 regni
1657 709 1803 756 nostri
1827 712 1947 772 xiiij⁰
1970 737 1980 747 ·

391 893 537 942 Carta
559 895 708 958 Regis
731 896 936 944 Dauidis
960 898 1020 944 de
1043 897 1335 944 relevamine
1359 902 1409 943 et
1432 899 1734 945 revocatione
1757 905 1989 947 terrarum
2012 910 2091 949 *tc*
2116 928 2126 938 ·

392 1051 684 1116 Venerabili
706 1070 831 1130 patri
854 1071 904 1115 in
929 1067 1116 1116 Christo
1140 1068 1349 1115 Domino
1375 1068 1628 1116 Willelmo
1652 1072 1729 1118 dei
1751 1074 1903 1134 gratia
1927 1073 2157 1137 Episcopo
2177 1075 2322 1122 Sanc-

389 1159 606 1206 tiandree
630 1159 788 1206 David
812 1161 980 1207 eadem
1002 1161 1157 1223 gratia
1192 1160 1301 1207 Rex
1337 1159 1615 1207 Scottorum
1649 1160 1851 1209 salutem
1885 1165 1935 1210 in
1959 1165 2149 1212 domino
2174 1167 2322 1212 domi-

388 1266 559 1304 norum
605 1250 733 1306 Quia
755 1249 948 1298 diverfis
972 1256 1022 1298 et
1040 1251 1199 1298 arduis
1222 1252 1432 1314 negociis
1446 1253 1582 1314 regni
1605 1250 1749 1299 nostri
1768 1254 1827 1300 de
1844 1269 1967 1301 novo
1990 1257 2321 1318 ingruentibus

348 1372 351 1375 ‹
387 1342 437 1386 in
462 1347 655 1388 tantum
682 1343 903 1403 impediti
936 1340 1097 1388 sumus
1122 1342 1249 1403 quod
1285 1343 1410 1389 circa
1433 1343 1706 1389 relevamen
1730 1350 1780 1390 et
1803 1347 2155 1393 reuocationem
2178 1354 2322 1394 terra-

386 1447 495 1477 rum
533 1433 749 1480 indebite
789 1433 1104 1480 alienatarum
1139 1439 1190 1479 et
1224 1432 1426 1479 aliorum
1462 1434 1739 1486 reddituum
1775 1432 2042 1496 monasterij
2073 1437 2132 1482 de
2167 1436 2323 1484 Scona

386 1522 575 1569 fundati
599 1524 658 1569 de
681 1521 1048 1571 antecessoribus
1071 1521 1243 1570 nostris
1266 1521 1575 1585 personaliter
1592 1523 1812 1572 interefl'e
1829 1541 1926 1571 non
1944 1526 2156 1573 valemus
2179 1536 2319 1588 prout

386 1613 434 1658 in
460 1615 583 1660 votis
605 1615 815 1676 gerimus
844 1621 894 1661 et
926 1612 1247 1661 desideramus
1284 1615 1344 1661 de
1368 1612 1521 1662 vestra
1555 1614 1785 1663 immensa
1813 1615 2093 1663 discretione
2127 1624 2177 1664 et
2211 1634 2319 1679 pru-

386 1704 555 1751 dencia
579 1704 781 1752 firmiter
804 1705 1100 1752 confidentes
1132 1703 1419 1768 potestatem
1454 1708 1633 1768 regiam
1668 1709 1717 1753 in
1741 1708 2081 1769 temporalibus
2105 1710 2164 1756 ad
2187 1725 2319 1756 revo-

385 1796 592 1842 candum
613 1797 828 1844 indebite
852 1797 1061 1844 alienata
1083 1802 1135 1844 et
1158 1798 1219 1844 ad
1241 1796 1552 1846 relevandum
1576 1800 1754 1846 dietum
1784 1798 2121 1848 monasterium
2144 1803 2194 1848 in
2218 1817 2317 1847 om-

383 1887 523 1935 nibus
549 1903 642 1949 que
678 1890 739 1936 ad
761 1890 943 1951 regiam
965 1887 1263 1936 maiestatem
1298 1892 1544 1950 pertinent
1569 1891 1645 1939 vel
1680 1892 1739 1939 ad
1775 1893 1848 1938 ius
1883 1897 2162 1953 patronatus
2186 1893 2316 1938 vobis

385 1978 732 2026 committimus
753 1994 840 2041 per
871 1978 1115 2041 presentes
1140 1978 1468 2041 Deprecantes
1504 1988 1554 2028 et
1589 1988 1779 2029 orantes
1812 1999 1898 2044 per
1931 1982 2108 2030 viscera
2139 1980 2315 2028 miseri-

385 2070 543 2116 cordie
564 2071 641 2117 dei
659 2069 806 2118 nostri
824 2076 1061 2132 quatenus
1079 2072 1139 2118 ad
1157 2065 1431 2119 relevamen
1450 2079 1501 2120 et
1518 2075 1870 2121 revocationem
1888 2075 2100 2121 indebite
2118 2073 2315 2120 alienat-

307 2179 310 2182 ·
383 2176 519 2208 orum
554 2164 605 2208 in
638 2161 962 2224 spiritualibus
996 2163 1282 2210 auetoritate
1312 2162 1467 2211 vestra
1494 2170 1544 2211 et
1577 2166 1628 2211 in
1662 2165 2003 2226 temporalibus
2037 2166 2316 2211 au&oritate

229 3278 333 3323 161.

382 2251 543 2301 nostra
556 2251 656 2301 fine
670 2270 954 2315 quacunque
968 2255 1159 2301 fiffione
1174 2255 1252 2302 vel
1266 2254 1572 2317 personarum
1587 2257 1863 2318 acceptione
1877 2257 2127 2302 intendere
2141 2257 2315 2302 curetis

383 2343 462 2391 Ita
485 2349 540 2391 ut
575 2346 664 2391 deo
699 2324 892 2392 auetore
927 2350 978 2392 et
1009 2344 1163 2392 vestro
1204 2343 1398 2393 confilio
1434 2347 1614 2408 pariter
1652 2351 1702 2393 et
1739 2347 1917 2394 auxilio
1951 2345 2313 2408 suffragantibus

383 2437 561 2482 distum
600 2435 940 2484 monasterium
959 2478 965 2481 .
981 2437 1042 2483 ad
1087 2437 1306 2484 debitum
1348 2435 1526 2484 statum
1570 2434 1711 2499 poffit
1755 2437 1918 2484 reduci
1964 2434 2112 2483 Istam
2150 2442 2313 2483 autem

382 2524 727 2574 conceffionem
760 2525 841 2575 seu
880 2525 1169 2589 potestatem
1205 2526 1414 2575 nostram
1438 2529 1571 2575 vobis
1607 2526 1868 2575 concessam
1903 2533 1952 2574 et
1983 2524 2133 2589 figillo
2156 2525 2314 2573 nostro

380 2619 566 2680 privato
589 2616 844 2681 figillatam
867 2635 952 2681 per
975 2635 1308 2680 quamcunque
1332 2619 1546 2667 litteram
1568 2618 1776 2667 nostram
1798 2617 2209 2680 supervenientem
2236 2634 2312 2662 vo-

382 2711 542 2758 lumus
581 2712 792 2758 revocari
838 2710 898 2756 In
939 2711 1075 2758 cuius
1111 2711 1178 2758 rei
1214 2708 1541 2757 testimonium
1576 2708 1782 2773 figillum
1822 2707 2033 2755 nostrum
2072 2710 2309 2769 privatum

381 2800 680 2862 presentibus
716 2803 890 2863 apponi
931 2802 1264 2848 mandavimus
1310 2801 1495 2849 Datum
1535 2802 1661 2863 apud
1700 2800 1906 2848 falcland
1941 2798 2000 2844 v‘⁰
2023 2799 2098 2844 die
2137 2795 2307 2843 menfis

382 2893 544 2953 marcij
569 2891 717 2939 Anno
742 2884 901 2955 Regni*
922 2891 1070 2940 nostri
1093 2892 1278 2949 Quarto
1301 2894 1501 2940 decimo.

386 3082 532 3130 Carta
549 3082 696 3146 Regis
721 3083 923 3131 Dauidis
948 3084 1007 3130 de
1031 3084 1344 3131 creditoribus
1369 3079 1649 3130 Monasterii
1674 3081 1732 3127 de
1757 3079 1913 3126 Scona
1928 3103 1938 3113 ·

387 3245 570 3314 David
593 3266 669 3313 dei
691 3266 846 3329 gratia
870 3265 979 3313 Rex
1005 3265 1283 3313 Scottorum
1313 3265 1495 3312 Thome
1518 3264 1578 3311 de
1608 3262 1820 3310 Carnoco
1857 3258 2012 3307 Militi
2035 3257 2313 3305 cancellario
