2982 4016
415 565 530 597 ΒΕΘ.
547 565 659 598 ROB.
678 565 709 596 1.
962 552 1011 598 S.
1047 551 1442 625 TRINITATIS
1479 551 1571 598 DE
1607 551 1802 600 SCON.
2289 563 2350 609 97

412 773 557 820 Carta
580 773 782 820 Roberti
806 773 952 836 Regis
977 775 1036 821 de
1059 781 1163 821 toto
1188 775 1414 836 thanagio
1439 775 1498 821 de
1523 775 1694 822 Scona.

294 958 381 1001 131
411 940 674 1004 Robertus
699 956 792 1003 Dei
814 957 969 1018 gratia
991 956 1099 1003 Rex
1136 956 1415 1003 Scottorum
1440 955 1678 1003 Omnibus
1709 958 1868 1018 probis
1899 929 2174 1004 hominibus
2198 924 2347 1005 totius

409 1055 536 1095 terre
560 1047 642 1094 sue
665 1054 766 1094 tam
790 1047 974 1094 clericis
999 1063 1141 1108 quam
1165 1047 1298 1094 laicis
1322 1046 1526 1093 salutem
1563 1046 1737 1094 Sciatis
1771 1063 1858 1094 nos
1892 1064 1978 1110 pro
2001 1046 2152 1096 salute
2187 1052 2346 1097 anime

409 1137 567 1186 nostre
608 1145 658 1185 et
694 1154 779 1200 pro
815 1136 968 1185 salute
1005 1139 1274 1184 animarum
1310 1139 1526 1184 omnium
1566 1137 1910 1186 antecessorum
1942 1145 1993 1187 et
2031 1138 2344 1188 successorum

408 1228 675 1277 nostrorum
699 1227 872 1276 dediffe
896 1227 1163 1276 conceffifl'e
1187 1235 1237 1276 et
1259 1230 1350 1276 hac
1372 1228 1580 1290 presenti
1599 1230 1745 1277 Carta
1761 1229 1920 1278 nostra
1940 1231 2231 1280 confirmasse
2255 1235 2344 1281 deo

408 1328 459 1370 et
493 1323 635 1369 beate
659 1320 819 1368 Marie
842 1322 1014 1383 virgini
1038 1327 1088 1367 et
1119 1321 1263 1367 beato
1288 1320 1522 1367 Michaeli
1546 1320 1853 1384 Archangelo
1878 1329 1928 1369 et
1951 1322 2137 1370 Abbati
2161 1331 2211 1370 et
2234 1342 2343 1372 can-

408 1415 557 1461 onicis
593 1415 652 1460 de
677 1413 835 1460 Scona
858 1413 947 1459 deo
972 1418 1022 1458 et
1044 1413 1188 1458 beato
1214 1411 1447 1458 Michaeli
1480 1413 1660 1459 ibidem
1691 1411 2007 1460 servientibus
2032 1420 2083 1460 et
2110 1423 2342 1476 perpetuo

406 1504 648 1552 servituris
666 1504 843 1550 Totum
861 1504 1143 1565 thanagium
1162 1504 1221 1549 de
1238 1503 1396 1550 Scona
1410 1518 1521 1549 cum
1539 1505 1760 1550 omnibus
1775 1502 1909 1550 iustis
1926 1507 2234 1566 pertinenciis
2249 1506 2342 1554 suis

406 1613 492 1658 per
513 1598 666 1642 restas
700 1600 856 1641 metas
880 1599 930 1640 et
954 1592 1124 1640 divisas
1148 1592 1253 1640 suas
1275 1593 1493 1640 Tenend⁰
1517 1601 1567 1640 et
1591 1595 1800 1641 habend⁹
1826 1593 2001 1642 eisdem
2026 1599 2264 1644 canonicis
2293 1605 2343 1645 et

407 1702 572 1734 eorum
596 1683 932 1733 successoribus
967 1686 1026 1731 de
1061 1686 1199 1731 nobis
1234 1691 1284 1731 et
1318 1685 1574 1731 heredibus
1608 1684 1778 1732 nostris
1802 1687 1852 1732 in
1875 1687 2075 1734 liberam
2101 1704 2269 1749 puram
2293 1697 2343 1737 et

405 1785 688 1840 perpetuam
719 1774 1026 1824 elemosinam
1060 1777 1110 1822 in
1145 1774 1284 1822 bosco
1321 1782 1370 1822 et
1405 1776 1546 1837 plano
1581 1778 1631 1823 in
1665 1780 1812 1838 pratis
1837 1784 1886 1825 et
1917 1778 2101 1839 pascuis
2124 1781 2174 1825 in
2198 1783 2342 1827 moris

405 1867 614 1918 marefiis
638 1875 688 1916 et
711 1869 907 1931 petariis
930 1870 980 1914 in
1003 1869 1092 1914 viis
1117 1874 1168 1914 et
1192 1866 1374 1914 semitis
1397 1869 1447 1914 in
1471 1870 1605 1928 aquis
1630 1866 1806 1931 stagnis
1842 1871 2031 1916 vivariis
2065 1870 2265 1918 lacubus
2289 1880 2339 1919 et

404 1960 745 2024 piscationibus
776 1962 827 2007 in
850 1959 1137 2006 molendinis
1162 1965 1212 2005 et
1234 1959 1460 2005 multuris
1482 1960 1533 2004 in
1557 1957 1735 2006 affartis
1760 1966 1809 2006 et
1833 1958 2106 2008 affartandis
2130 1967 2181 2008 et
2198 1978 2340 2011 vena-

405 2053 618 2100 tionibus
633 2058 683 2099 et
701 2052 1097 2113 aucupationibus
1114 2057 1164 2097 et
1181 2052 1231 2097 in
1246 2051 1465 2096 omnibus
1483 2050 1587 2097 aliis
1605 2051 1906 2098 libertatibus
1922 2053 2339 2101 commoditatibus

405 2151 456 2192 et
470 2142 757 2192 aifiamentis
773 2150 874 2190 tam
889 2159 986 2190 non
1003 2144 1262 2189 nominatis
1277 2157 1419 2203 quam
1435 2143 1692 2189 nominatis
1707 2144 1768 2190 ad
1783 2144 1962 2190 difitum
1979 2145 2261 2207 thanagium
2281 2148 2339 2192 de

404 2238 507 2283 iure
525 2235 877 2297 pertinentibus
901 2232 983 2281 seu
1006 2235 1180 2280 futuris
1198 2233 1494 2294 temporibus
1511 2233 1752 2294 pertinere
1770 2233 2042 2280 valentibus
2057 2235 2176 2281 adeo
2191 2235 2340 2281 libere.

404 2334 455 2375 et
495 2329 657 2388 quiete
697 2326 838 2387 plene
875 2331 926 2372 et
959 2325 1220 2372 honorifice
1257 2323 1379 2371 ficut
1415 2325 1574 2385 aliqua
1610 2323 1867 2372 elemofina
1902 2326 1953 2371 in
1988 2341 2136 2387 regno
2176 2324 2340 2373 Scocie

404 2419 598 2465 liberius
622 2419 831 2479 quietius
861 2417 1049 2479 plenius
1081 2422 1131 2463 et
1164 2416 1556 2463 honorificentius
1578 2421 1776 2462 tenetur
1797 2414 1879 2462 seu
1902 2413 2162 2476 poffidetur
2197 2417 2341 2464 Salva

404 2507 677 2557 defenfione
705 2510 840 2571 regni
857 2569 859 2571 Ι
874 2505 1019 2554 nostri
1043 2506 1375 2567 Volumusque
1399 2512 1449 2552 et
1473 2507 1777 2552 concedimus
1801 2507 1927 2567 quod
1962 2508 2161 2567 predi8d
2195 2508 2339 2555 abbas

404 2609 455 2650 et
500 2603 717 2649 canonici
761 2601 970 2647 habeant
1017 2606 1067 2647 et
1113 2605 1313 2646 teneant
1359 2597 1556 2645 Curiam
1603 2596 1735 2645 suam
1783 2598 1842 2644 de
1889 2599 2109 2645 omnibus
2155 2600 2336 2646 difflaum

404 2695 687 2756 thanagium
726 2692 1109 2739 inhabitantibus
1145 2689 1267 2737 ficut
1304 2691 1364 2736 de
1401 2690 1504 2737 aliis
1541 2690 1814 2736 hominibus
1849 2688 1944 2736 suis
1990 2691 2170 2737 curiam
2207 2689 2336 2737 suam

403 2785 592 2846 plenius
629 2789 800 2830 tenent
834 2781 917 2829 seu
953 2779 1189 2844 poffident
1226 2781 1287 2827 In
1323 2783 1457 2828 cuius
1493 2782 1562 2827 rei
1599 2779 1927 2827 testimonium
1962 2780 2169 2842 presenti
2206 2787 2335 2827 carte

404 2874 564 2923 nostre
595 2875 819 2937 Sigillum
841 2871 1056 2920 nostrum
1078 2874 1278 2920 fecimus
1302 2874 1476 2934 apponi
1509 2870 1727 2919 Testibus
1751 2872 2100 2919 venerabilibus
2122 2873 2335 2932 patribus

407 2968 611 3014 dominis
635 2965 848 3012 Henrico
871 2961 1192 3011 Abirdonenfi
1218 2964 1375 3011 David
1398 2961 1686 3019 moraviensi
1722 2969 1772 3010 et
1809 2963 2045 3009 Nicholao
2069 2962 2335 3009 Dumblan-

406 3057 503 3106 enfi
539 3059 616 3104 dei
650 3057 804 3119 gratia
838 3054 1083 3117 Episcopis
1121 3055 1333 3101 Domino
1369 3055 1614 3101 Bernardo
1651 3055 1818 3100 eadem
1854 3055 2006 3115 gratia
2042 3053 2236 3100 Abbate
2275 3055 2333 3100 cle

404 3149 729 3197 Abirbrothoc
767 3147 1064 3194 Cancellario
1105 3144 1264 3192 nostro
1306 3146 1557 3193 Willelmo
1598 3145 1787 3192 Comite
1827 3142 2037 3191 Roffenfi
2072 3145 2334 3199 COalcolmo

405 3243 582 3289 comite
628 3241 687 3287 de
727 3239 932 3285 levenax
974 3238 1195 3284 Gilberto
1237 3238 1296 3283 de
1335 3237 1444 3284 haia
1484 3234 1843 3282 Constabulario
1883 3233 2042 3282 nostro
2084 3234 2246 3282 Scotie
2285 3243 2335 3282 et

406 3334 619 3381 Roberto
655 3333 714 3378 de
737 3331 875 3377 Keth
910 3327 1195 3376 Marescallo
1229 3325 1387 3374 nostro
1423 3327 1585 3374 Scotie
1625 3326 1860 3373 militibus
1893 3326 2039 3388 Apud
2075 3326 2336 3373 Inchethor

402 3425 603 3487 septimo
628 3425 704 3470 die
729 3422 910 3484 Aprilis
936 3420 1080 3467 Anno
1104 3420 1238 3481 regni
1263 3416 1406 3465 nostri
1432 3417 1646 3479 septimo.

1355 3526 1390 3557 N
