3002 4030
442 540 555 574 ΒΕΘ.
578 541 691 574 ROB.
712 542 786 573 111.
996 528 1043 574 S.
1080 529 1473 578 TRINITATIS
1509 531 1600 576 DE
1635 532 1828 579 SCON.
2272 542 2362 587 157

439 664 489 704 et
526 660 638 704 unio
660 660 869 720 prediste
892 659 1048 704 eidem
1072 657 1352 706 monasterio
1386 663 1571 708 modice
1604 662 1826 708 utilitatis
1861 662 2069 709 existunt
2102 664 2258 719 Quare
2281 681 2363 725 pro

440 754 575 809 parte
598 749 830 810 di&orum
863 748 1070 795 Abbatis
1103 754 1152 794 et
1187 756 1448 796 conventus
1479 753 1614 798 nobis
1652 753 1744 798 fuit
1778 753 2022 799 humiliter
2050 752 2363 815 supplicatum

441 845 497 884 ut
531 840 599 885 eis
633 840 895 886 concedere
929 855 983 885 ac
1018 836 1225 884 statuere
1260 847 1310 885 et
1344 841 1558 887 ordinare
1593 844 1718 902 quod
1753 842 1850 902 ipse
1884 842 2049 890 Abbas
2084 851 2133 889 et
2163 843 2232 890 sui
2262 844 2363 891 suc-

441 927 637 976 cessores
660 931 772 976 diui
796 927 1065 990 monasterij
1086 929 1303 976 Abbates
1321 929 1424 990 post
1442 932 1660 978 effestum
1679 934 1956 979 annexionis
1979 941 2028 980 et
2051 936 2238 980 unionis
2262 951 2363 995 pre-

441 1021 674 1067 distorum
697 1022 755 1067 ad
780 1021 1002 1093 vicariam
1026 1021 1076 1065 in
1101 1021 1226 1066 dista
1249 1018 1444 1067 ecclesia
1467 1037 1526 1067 ex
1550 1023 1760 1082 predista
1782 1025 1998 1083 portione
2024 1023 2362 1071 instituendam

441 1127 550 1157 cum
575 1109 638 1158 fic
668 1110 887 1158 instituta
918 1112 1063 1158 fuerit
1098 1112 1223 1170 quod
1257 1112 1476 1170 quotiens
1511 1128 1614 1158 eam
1646 1128 1811 1159 vacare
1842 1116 2094 1175 contigerit
2124 1130 2273 1160 unum
2302 1132 2362 1161 ex

441 1204 680 1249 canonicis
705 1204 816 1249 dicti
839 1200 1107 1262 monasterij
1133 1202 1371 1262 ydoneum
1394 1202 1578 1261 prefato
1597 1200 1811 1263 episcopo
1835 1210 1884 1249 et
1908 1205 2008 1264 ejus
2031 1202 2362 1251 successoribus

439 1292 778 1340 Sanctiandree
815 1291 1057 1353 Episcopis
1102 1303 1334 1353 perpetuo
1379 1293 1502 1337 infra
1548 1298 1737 1352 tempus
1784 1293 2051 1354 legitimum
2095 1294 2363 1355 presentare

439 1381 612 1443 poffint
636 1382 826 1446 Ipsique
855 1383 1113 1445 Episcopus
1137 1390 1186 1429 et
1209 1380 1484 1430 successores
1508 1383 1757 1428 canonicos
1780 1382 1900 1444 ipsos
1931 1382 1994 1430 fic
2029 1383 2362 1445 presentandos

441 1474 501 1519 ad
536 1473 804 1535 hujusmodi
843 1471 1218 1535 presentationes
1258 1475 1307 1518 in
1344 1478 1599 1533 perpetuos
1640 1474 1836 1519 vicarios
1870 1472 2011 1534 ipsius
2047 1473 2254 1521 Ecclefie
2294 1478 2364 1522 in-

443 1562 641 1611 stituere
681 1571 939 1613 teneantur
972 1590 982 1600 ·
1018 1564 1084 1610 Et
1122 1565 1249 1625 quod
1285 1565 1459 1610 vicaria
1493 1561 1591 1623 ipsa
1624 1579 1708 1623 per
1747 1563 1867 1625 ipsos
1904 1567 2152 1611 canonicos
2191 1568 2289 1627 regi
2314 1574 2363 1612 et

442 1670 555 1700 cura
598 1656 860 1701 animarum
898 1655 1289 1715 parochianorum
1330 1650 1473 1714 ipfius
1508 1655 1720 1700 exerceri
1754 1655 1943 1700 valeant
1977 1656 2035 1702 de
2069 1657 2363 1718 benignitate

442 1742 699 1806 apostolica
725 1746 1029 1807 dignaremur
1064 1745 1169 1791 Nos
1201 1746 1349 1807 igitur
1379 1744 1552 1805 prefati
1585 1743 1852 1805 monasterij
1890 1747 2124 1793 utilitates
2158 1754 2206 1793 et
2240 1764 2365 1793 com-

441 1836 584 1881 moda
606 1841 840 1895 quantum
864 1851 973 1881 cum
997 1836 1086 1882 deo
1109 1832 1333 1896 possimus
1356 1850 1606 1896 procurare
1630 1836 1875 1895 cupientes
1908 1836 2171 1902 hujusmodi
2194 1836 2365 1898 suppli-

443 1927 709 1972 cationibus
743 1926 959 1973 inclinati
994 1924 1171 1972 eisdem
1207 1925 1390 1972 Abbati
1425 1931 1475 1971 et
1510 1927 1764 1976 conventui
1801 1923 2054 1986 apostolica
2086 1929 2363 1974 austeritate

442 2018 746 2063 concedimus
782 2033 837 2063 ac
873 2015 1125 2063 statuimus
1162 2022 1213 2063 et
1248 2018 1395 2062 etiam
1429 2016 1699 2062 ordinamus
1729 2018 1854 2076 quod
1885 2017 2084 2077 predicti
2114 2017 2278 2064 Abbas
2314 2025 2363 2064 et

444 2105 722 2154 successores
743 2105 814 2153 sui
838 2108 897 2154 ad
922 2106 1097 2154 distam
1120 2109 1342 2154 vicariam
1367 2122 1476 2153 cum
1507 2103 1725 2152 instituta
1757 2107 1899 2152 fuerit
1928 2114 1977 2153 et
2012 2111 2228 2169 quotiens
2259 2125 2363 2155 eam

432 2213 610 2244 vacare
633 2198 888 2259 contigerit
911 2202 967 2242 ut
994 2197 1232 2257 prefertur
1251 2212 1402 2242 unum
1426 2197 1702 2242 canonicum
1728 2198 1963 2257 ydoneum
1987 2198 2181 2258 prediffi
2205 2214 2364 2245 mona-

443 2286 568 2349 sterij
604 2289 800 2349 prefatis
834 2285 1067 2348 Episcopo
1102 2294 1152 2333 et
1186 2284 1517 2334 successoribus
1559 2286 1651 2332 suis
1695 2289 1967 2334 memoratis
2000 2287 2264 2349 presentare
2309 2306 2363 2335 ac

442 2375 529 2439 ipfi
565 2375 824 2439 Episcopus
860 2383 909 2424 et
944 2378 1046 2438 ejus
1080 2374 1359 2424 successores
1393 2378 1644 2423 canonicos
1679 2379 1758 2437 qui
1794 2375 1856 2423 sic
1889 2376 2282 2438 presentabuntur
2314 2382 2361 2425 in

446 2471 643 2516 vicarios
656 2465 1010 2530 ipfius'ecclefie
1028 2466 1276 2515 instituere
1295 2475 1344 2515 et
1363 2468 1500 2514 Idem
1519 2469 1732 2514 canonici
1750 2466 1813 2514 fic
1830 2467 2126 2528 presentandi
2146 2471 2362 2516 vicariam

443 2577 607 2623 regere
631 2567 681 2607 et
705 2575 866 2607 curam
890 2560 1124 2620 predi&as
1143 2575 1366 2606 exercere
1384 2556 1555 2620 poffint
1574 2565 1628 2604 ut
1646 2559 1882 2620 prefertur
1903 2585 1919 2594 ·=
1939 2559 2051 2605 Non
2071 2559 2362 2607 obstantibus

443 2651 817 2713 quibuscumque
840 2649 1259 2697 constitutionibus
1282 2647 1547 2710 apostolicis
1570 2665 1624 2695 ac
1657 2647 1847 2695 statutis
1871 2657 1919 2696 et
1951 2649 2363 2697 consuetudinibus

443 2741 713 2802 monasterij
761 2748 811 2788 et
858 2742 1034 2787 ordinis
1069 2741 1385 2801 predistorum
1421 2740 1666 2786 contrariis
1702 2740 1974 2799 juramento
2009 2742 2361 2787 confirmatione

444 2830 700 2893 apostolica
723 2832 799 2878 vel
823 2847 1103 2892 quacunque
1126 2831 1353 2878 firmitate
1376 2830 1469 2877 alia
1490 2830 1721 2876 roboratis
1744 2846 1799 2876 ac
1832 2831 2087 2892 privilegiis
2114 2832 2361 2893 indulgen—

445 2924 525 2968 tiis
544 2928 594 2968 et
617 2922 791 2968 litteris
809 2919 1076 2982 apostolicis
1098 2920 1400 2982 generalibus
1419 2920 1495 2966 vel
1515 2920 1793 2980 specialibus
1811 2936 2212 2982 quarumcumque
2231 2929 2362 2969 teno-

443 3029 550 3059 rum
581 3011 788 3060 existant
819 3027 1006 3058 necnon
1038 3011 1347 3058 observantiis
1378 3017 1428 3057 et
1460 3009 1873 3071 prescriptionibus
1907 3027 1991 3071 per
2013 3027 2105 3071 que
2135 3010 2361 3073 presenti-

443 3107 531 3151 bus
555 3119 651 3150 non
674 3101 885 3164 expressa
909 3102 984 3149 vel
1008 3102 1223 3148 totaliter
1245 3117 1341 3147 non
1365 3099 1538 3147 inserta
1561 3100 1754 3146 effe&us
1783 3116 1943 3146 earum
1967 3102 2182 3162 impediri
2208 3103 2362 3149 valeat

443 3194 801 3256 quomodolibet
848 3192 923 3239 vel
969 3192 1144 3238 differri
1189 3198 1240 3239 et
1286 3191 1346 3237 de
1398 3191 1567 3251 quibus
1618 3206 1910 3250 quorumque
1960 3193 2076 3237 totis
2122 3185 2361 3238 tenoribus

442 3286 660 3333 habenda
682 3281 741 3330 fit
766 3284 815 3329 in
839 3280 1007 3329 nostris
1031 3283 1205 3328 litteris
1233 3283 1415 3328 mentio
1450 3281 1664 3342 specialis
1691 3281 1794 3326 Nos
1830 3282 1955 3326 enim
1991 3298 2049 3328 ex
2074 3297 2200 3328 nunc
2223 3284 2363 3328 irriti-
