2982 4016
670 499 755 578 (32³⁴
1343 522 1547 571 mima
1583 517 1909 567 ECGLESIE
2348 531 2448 566 sac.
2475 531 2591 564 xm.

669 663 1001 709 canonicorum
1026 657 1287 705 Reddendo
1313 655 1423 701 inde
1445 652 1691 700 annuatim
1718 650 1913 697 domino
1937 648 2061 712 Regi
2085 649 2338 699 duodecim
2374 651 2591 697 denarios

667 761 716 800 et
741 752 945 799 Alberto
968 750 1026 796 de
1051 747 1224 795 Dundc
1248 751 1450 806 quatuor
1472 741 1643 789 solidos
1711 740 1769 788 In
1803 741 1946 802 hujus
1979 741 2127 803 igitur
2159 742 2228 788 rei
2264 738 2589 788 testimonium

667 844 726 891 ad
750 840 1018 889 instantiam
1052 835 1256 885 nostram
1292 843 1341 882 et
1377 835 1635 882 amicorum
1671 831 1937 878 nostrorum
1972 828 2239 893 appositum
2277 830 2347 879 est
2384 829 2590 894 sigillum

668 931 875 981 nostrum
904 943 1104 978 comune
1138 928 1197 973 de
1233 925 1380 972 Perth
1449 923 1559 977 Hiis
1598 920 1797 991 testibus
1833 923 2028 969 domino
2066 921 2285 970 Galfrido
2323 924 2383 970 de
2420 923 2591 971 libera-

667 1026 797 1071 tione
819 1017 1036 1083 magistro
1062 1016 1311 1064 lVillclmo
1336 1016 1395 1062 de
1420 1014 1569 1061 pert-h
1600 1014 1792 1060 domino
1818 1012 2071 1061 Willelmo
2105 1013 2166 1060 de
2202 1012 2382 1076 Nydyn
2418 1013 2591 1062 clerico

666 1114 842 1161 domini
866 1112 988 1173 regis
1012 1105 1233 1170 magistro
1255 1105 1287 1153 J
1291 1106 1477 1153 ohanne
1501 1106 1560 1152 de
1585 1104 1803 1166 Ewcrlay
1826 1105 2064 1159 mauricio
2088 1103 2262 1152 clerico
2286 1105 2346 1152 de
2377 1104 2599 1168 Glenylif

664 1203 882 1267 magistro
906 1201 1138 1247 Duncano
1157 1198 1328 1246 clerico
1352 1197 1531 1243 domini
1556 1194 1760 1257 episcopi
1784 1195 1930 1243 sancti
1955 1195 2153 1244 Andree
2177 1197 2386 1258 dompno
2418 1195 2592 1245 Drewe

662 1294 905 1357 capellano
928 1291 1118 1338 domino
1142 1288 1180 1335 T
1205 1289 1263 1336 de
1289 1288 1569 1336 liberatione
1593 1293 1642 1333 et
1666 1287 1832 1333 multis
1856 1286 1974 1334 aliis.

664 1478 839 1534 Quieta
862 1475 1083 1523 clamatio
1110 1471 1362 1518 willielmi
1382 1470 1465 1516 filii
1492 1469 1660 1516 Ketell
1685 1470 1796 1517 tofti
1821 1469 2065 1533 cujusdam
2091 1472 2140 1517 in
2166 1472 2311 1519 feudo
2334 1474 2472 1519 tenti.

573 1664 632 1710 97
668 1647 841 1709 Sciant
866 1654 1066 1705 universi
1093 1653 1281 1717 presens
1313 1652 1539 1715 scriptum
1575 1651 1739 1700 visuris
1773 1653 1851 1700 vel
1885 1654 2119 1701 audituris
2150 1655 2278 1716 quod
2309 1653 2590 1703 Willelmus

661 1753 784 1799 filius
810 1748 976 1796 Ketell
1000 1748 1058 1793 de
1086 1746 1231 1792 Perth
1250 1752 1300 1792 et
1319 1761 1441 1791 uxor
1457 1743 1539 1792 sua
1558 1744 1663 1792 Eda
1685 1751 1736 1792 et
1759 1744 1859 1792 filia
1880 1743 1964 1792 sua
1982 1744 2215 1808 Wytnar&
2237 1747 2380 1794 unico
2409 1744 2590 1794 assensu

660 1841 763 1905 post
798 1840 973 1887 multas
1013 1837 1227 1899 querelas
1272 1838 1321 1883 in
1364 1836 1575 1898 capitulo
1614 1833 1760 1883 saneti
1807 1835 2006 1884 Andree
2047 1836 2275 1884 deductas
2316 1839 2465 1885 coacti
2506 1854 2591 1900 per

660 1930 1047 1981 christianitatem
1071 1927 1201 1976 suam
1226 1930 1439 1990 quietam
1464 1927 1792 1975 clamaverunt
1826 1929 1876 1974 in
1911 1933 2199 1990 perpetuum
2223 1944 2308 1990 pro
2331 1927 2380 1977 se
2403 1936 2455 1976 et
2485 1936 2591 1977 tota

660 2039 822 2071 eorum
846 2018 1128 2069 succeffione
1169 2020 1330 2067 abbati
1371 2025 1422 2066 et
1463 2019 1703 2066 canonicis
1738 2019 1798 2065 de
1837 2018 1994 2066 Scona
2027 2019 2209 2066 toftum
2244 2018 2383 2066 illum
2422 2021 2472 2067 in
2513 2023 2590 2069 via

660 2113 848 2163 australi
872 2114 931 2160 de
955 2112 1101 2159 Perth
1125 2112 1204 2172 qui
1228 2111 1466 2172 quondam
1490 2110 1584 2156 fuit
1608 2109 1734 2157 alani
1758 2110 1818 2157 de
1840 2115 1989 2172 ponte
2013 2125 2157 2172 quem
2191 2110 2432 2172 predictus
2463 2111 2589 2159 Wil-

661 2207 832 2254 lelmus
867 2206 925 2251 de
959 2204 1151 2265 prefatis
1185 2202 1357 2250 abbate
1392 2208 1442 2249 et
1477 2202 1715 2249 canonicis
1750 2202 1800 2248 in
1835 2202 1974 2248 feodo
2011 2207 2236 2249 tenuerat
2279 2201 2369 2249 Set
2402 2203 2588 2252 firmam

661 2297 814 2344 multo
838 2303 1050 2357 tempore
1075 2295 1344 2341 detinuerat
1368 2299 1418 2340 et
1442 2293 1553 2354 quia
1574 2292 1700 2339 filius
1724 2293 1898 2355 prefati
1923 2291 2164 2340 Willelmi
2199 2299 2250 2342 et
2285 2294 2390 2342 Ede
2426 2299 2588 2345 uxoris

662 2389 743 2436 sue
774 2388 1009 2435 Robertus
1046 2387 1238 2432 nomine
1273 2384 1438 2432 absens
1474 2385 1566 2432 fuit
1598 2390 1648 2431 et
1683 2390 1821 2431 extra
1849 2400 2051 2447 regnum
2085 2387 2375 2435 invenerunt
2410 2403 2495 2450 pro
2530 2405 2587 2436 eo

663 2480 879 2541 predictis
909 2478 1067 2525 abbati
1096 2484 1144 2523 et
1174 2477 1410 2524 canonicis
1445 2477 1529 2523 lios
1564 2476 1746 2539 plegios
1780 2475 1961 2523 scilicet
1996 2475 2255 2538 Symonem
2291 2478 2351 2524 de
2386 2478 2588 2528 Camera

666 2570 967 2617 willelmum
991 2569 1139 2615 filium
1164 2567 1305 2614 Johel
1332 2567 1566 2614 Jacobum
1590 2568 1742 2615 filium
1771 2567 1941 2615 Ketell
1970 2569 2096 2629 quod
2126 2566 2223 2630 ipse
2246 2584 2490 2631 nunquam
2504 2573 2587 2633 jus

663 2663 853 2723 aliquod
877 2663 924 2708 in
948 2661 1129 2722 prefata
1151 2666 1278 2706 terra
1300 2659 1527 2706 clamaret
1595 2659 1660 2706 Et
1683 2660 1751 2706 hii
1774 2658 1885 2706 sunt
1912 2657 2059 2707 testes
2087 2675 2246 2707 coram
2276 2661 2447 2722 quibus
2481 2679 2586 2725 pre-

663 2755 788 2801 fatus
813 2753 1088 2799 willelmus
1112 2758 1162 2798 et
1184 2767 1304 2797 uxor
1325 2749 1408 2798 sua
1432 2751 1535 2798 Eda
1558 2757 1608 2798 et
1631 2751 1730 2798 filia
1753 2766 1918 2798 eorum
1943 2750 2177 2813 Wymare‘
2199 2750 2337 2799 istam
2372 2755 2584 2814 quietam

661 2846 993 2893 clamationem
1033 2843 1250 2890 manibus
1288 2841 1381 2889 suis
1420 2843 1732 2890 affidaverunt
1773 2839 2029 2904 Dyonifius
2066 2843 2275 2890 decanus
2317 2844 2378 2891 de
2419 2845 2587 2895 Forfar

661 2934 880 2999 magister
901 2935 932 2982 J
937 2935 1144 2982 ohannes
1168 2934 1227 2980 de
1250 2933 1397 2980 Perth
1422 2932 1661 2981 Henricus
1683 2933 1809 2981 filius
1839 2933 2044 2982 Galfridi
2076 2933 2256 2996 Symon
2288 2937 2349 2984 de
2383 2937 2587 2987 Camere.

621 3017 631 3025 ⁰
664 3027 937 3075 &villelmus
960 3026 1084 3072 filius
1106 3025 1248 3072 Johel
1271 3025 1480 3072 Jacobus
1503 3025 1629 3072 filius
1652 3026 1831 3072 v&redi
1861 3025 2072 3074 Jacobus
2102 3026 2229 3074 filius
2263 3027 2414 3076 Ketel
2450 3029 2586 3078 Hen-

665 3121 786 3166 ricus
808 3118 974 3165 baldus
996 3118 1230 3164 aurifaber
1254 3116 1533 3163 &villelmus
1557 3117 1616 3163 de
1642 3116 1747 3164 Len
1766 3116 2047 3166 Willelmus
2070 3118 2197 3166 filius
2221 3118 2327 3167 Serl
2352 3120 2584 3170 Ricardus

666 3209 789 3256 filius
813 3208 1004 3255 Andre-e
1026 3208 1270 3255 Johannes
1303 3207 1428 3254 filius
1464 3206 1622 3254 David
1652 3207 1887 3255 'Ricardus
1921 3224 2070 3271 nepos
2104 3208 2314 3274 magistri
2347 3210 2583 3261 Johannis

669 3301 728 3347 Et
753 3300 810 3347 ad
828 3300 1051 3360 majorem
1074 3300 1212 3360 hujus
1235 3297 1491 3347 testimonii
1525 3299 1864 3347 certitudinem
1897 3302 2228 3362 appenderunt
2265 3303 2376 3351 huic
2410 3302 2582 3367 scripto
