3002 4030
401 541 514 574 REG.
531 541 633 574 ,1Αο.
651 541 706 574 11.
950 529 998 575 S.
1034 529 1427 577 TRINITATIS
1463 529 1554 576 DE
1590 530 1782 577 SOON.
2225 535 2314 581 193

402 655 496 703 five
531 659 776 704 decretum
811 673 894 718 per
927 659 1140 705 consules
1174 658 1354 705 nostros
1388 660 1626 708 auditores
1663 659 1904 707 causarum
1939 665 1988 705 et
2022 660 2317 719 querelarum

400 762 484 807 pro
509 745 659 794 causis
682 755 731 793 et
755 749 958 807 querelis
981 750 1227 796 audiendis
1251 755 1301 795 et
1325 750 1596 795 decidendis
1623 765 1707 809 per
1729 755 1826 795 tres
1849 751 1982 811 regni
2005 747 2147 795 nostri
2170 747 2345 795 status*

402 837 575 883 electos
599 839 764 884 datum
788 846 839 886 et
862 840 1211 900 promulgatum
1238 840 1404 898 utique
1422 837 1704 885 intellexiffe
1721 837 1806 885 sub
1823 841 1911 886 hac
1926 841 2076 885 forma
2092 839 2319 902 [utsupra

403 925 524 987 221]
551 952 560 962 ·
586 927 726 982 Quod
751 930 943 988 quidem
967 929 1124 975 actum
1149 926 1244 974 five
1269 929 1513 973 decretum
1537 943 1591 974 ac
1619 930 1778 974 omnia
1800 935 1850 974 et
1874 926 2055 990 singula
2077 930 2126 974 in
2150 929 2317 974 eodem

404 1023 632 1064 contenta
654 1019 705 1062 in
729 1019 948 1064 omnibus
970 1017 1062 1063 suis
1086 1017 1274 1078 punctis
1299 1024 1349 1063 et
1372 1017 1583 1063 articulis
1615 1019 1926 1078 approbamus
1959 1018 2246 1065 ratificamus
2269 1023 2318 1063 et

404 1112 570 1152 tenore
594 1105 882 1167 presentium
905 1123 989 1167 pro
1012 1113 1242 1167 perpetuo
1266 1108 1597 1153 confirmamus
1625 1108 1783 1162 Quare
1806 1105 2032 1154 univerfis
2055 1114 2104 1154 et
2127 1105 2318 1169 fingulis

404 1197 528 1257 ligiis
552 1203 603 1242 et
625 1195 824 1243 subditis
847 1194 1015 1243 nostris
1038 1212 1238 1256 quorum
1269 1196 1466 1243 interest
1489 1198 1564 1243 vel
1598 1196 1815 1244 interess'e
1838 1200 2013 1258 poterit
2036 1196 2193 1243 stri&e
2215 1213 2319 1258 pre-

405 1287 622 1346 cipiendo
645 1287 926 1333 mandamus
949 1303 1010 1333 ne
1044 1288 1150 1346 quis
1183 1289 1232 1332 in
1269 1288 1556 1332 contrarium
1590 1287 1701 1332 dicti
1736 1288 1825 1333 acti
1850 1285 1944 1332 five
1968 1288 2145 1333 decreti
2168 1287 2319 1333 nulla-

405 1383 546 1422 tenus
571 1377 795 1422 devenire
818 1374 1055 1436 presumat
1087 1377 1188 1422 Sub
1223 1378 1352 1422 omni
1387 1391 1510 1436 pena
1543 1391 1635 1435 que
1670 1382 1939 1436 competere
1962 1378 2137 1436 poterit
2160 1378 2210 1422 in
2231 1378 2319 1422 hac

404 1472 540 1526 parte
576 1465 758 1511 Datum
788 1464 873 1511 sub
914 1463 1184 1511 testimonio
1222 1467 1382 1526 magni
1418 1465 1572 1526 Sigilli
1609 1462 1765 1510 nostri·
1788 1441 1912 1525 apud
1947 1465 2120 1511 Dunde
2155 1467 2320 1524 quinto

406 1556 483 1601 die
523 1552 695 1601 menfis
739 1555 853 1601 maii
894 1555 1039 1600 Anno
1080 1555 1257 1600 domini
1298 1551 1545 1600 millesimo
1591 1551 2049 1615 quadringentesimo
2095 1556 2321 1614 quinqua-

406 1643 584 1707 gefimo
606 1644 806 1706 septimo
831 1644 896 1691 Et
921 1644 1077 1706 Regni
1101 1642 1245 1690 nostri
1270 1642 1509 1692 Vicefimo
1533 1645 1682 1705 primo
1706 1669 1715 1680 ·

1354 3379 1435 3421 ΞΒ
