2982 4016
390 503 636 536 REG.W1L.
934 491 983 537 S.
1018 491 1412 542 TRINITATIS
1448 495 1538 541 DE
1575 496 1766 544 SCON.
2233 508 2290 550 13

390 711 535 758 Carta
559 711 809 758 Malcolmi
835 712 983 774 Regis
1007 714 1068 759 de
1092 714 1382 777 collegendis
1406 718 1610 764 auxiliis.

295 893 352 939 17
390 877 704 940 Malcolmus
739 893 848 941 Rex
878 894 1160 941 Scottorum
1186 896 1245 944 G.
1277 899 1441 944 comiti
1476 900 1534 946 de
1563 899 1735 963 Augus
1769 908 1820 948 et
1852 904 1923 956 α).
1954 903 2222 950 vicecomiti
2256 906 2314 950 de

291 1634 349 1675 18

386 984 554 1031 Forfar
577 990 627 1030 et
657 984 713 1030 E.
739 986 1010 1032 vicecomiti
1040 987 1100 1032 de
1131 986 1259 1034 Scon
1287 987 1491 1036 salutem
1559 990 1733 1038 Sciatis
1764 994 1891 1053 quod
1925 992 2125 1041 conceffi
2155 995 2314 1042 abbati

385 1077 444 1122 de
482 1075 610 1124 Scon
639 1075 864 1138 colligere
899 1077 1080 1124 auxilia
1111 1078 1171 1125 de
1201 1080 1417 1140 pecuniis
1445 1079 1539 1127 suis
1578 1097 1663 1142 per
1698 1082 1804 1130 suos
1836 1086 2048 1146 proprios
2078 1083 2314 1132 ministros

384 1166 545 1222 Quare
559 1167 760 1214 firmiter
777 1168 1006 1229 prohibeo
1025 1174 1077 1215 vt
1095 1184 1192 1215 non
1211 1171 1414 1216 veniatis
1438 1172 1488 1217 in
1512 1178 1661 1219 terras
1685 1175 1743 1220 ad
1762 1176 1972 1235 predicta
1990 1176 2167 1223 auxilia
2185 1177 2315 1223 colli-

382 1258 540 1319 genda
586 1256 803 1305 Testibus
820 1258 1078 1321 Engelram
1094 1260 1379 1307 cancellario
1396 1261 1634 1309 Nicholao
1651 1267 1906 1312 camerario
1946 1266 2092 1328 Apud
2109 1267 2268 1314 Perth.

384 1441 530 1488 Bulla
552 1442 925 1489 confirmationis
949 1441 1217 1489 Alexandri
1236 1459 1359 1505 pape
1383 1445 1514 1490 tertii
1540 1444 1753 1493 Roberto
1777 1445 1972 1494 Abbati.

382 1608 679 1684 Alexander
702 1622 963 1686 Episcopus
986 1623 1150 1690 seruus
1173 1622 1416 1671 seruorum
1441 1627 1517 1672 dei
1538 1626 1722 1673 dilectis
1753 1627 1861 1674 filiis
1886 1628 2098 1675 Roberto
2136 1629 2315 1676 Abbati

385 1713 581 1763 ecclefie
621 1717 752 1763 beati
796 1715 1054 1763 Michaelis
1090 1716 1149 1762 de
1184 1715 1342 1763 Scona
1376 1715 1569 1778 eiusque
1610 1718 1834 1766 fratribus
1875 1725 1975 1766 tam
2018 1718 2315 1781 presentibus

381 1824 525 1868 quam
556 1808 731 1854 futuris
756 1807 1047 1870 Regularem
1072 1808 1220 1854 vitam
1252 1806 1463 1869 profeffis
1532 1808 1590 1855 In
1627 1816 1913 1871 perpetuum
1950 1812 2028 1871 pie
2060 1808 2315 1872 postulatio

382 1901 645 1947 voluntatis
677 1899 850 1947 effectu
886 1900 1031 1946 debet
1065 1897 1380 1960 prosequente
1415 1900 1641 1961 compleri
1674 1906 1727 1947 vt
1762 1902 2030 1948 deuotionis
2065 1903 2313 1949 cinceritas

334 2029 337 2030 γ
382 1991 687 2038 laudabiliter
720 1989 951 2037 enitescat
993 1996 1043 2037 et
1085 1990 1268 2037 vtilitas
1307 1989 1547 2051 postulata
1583 1993 1705 2037 vires
1746 1993 2075 2039 indubitanter
2117 1991 2313 2039 affumat

383 2083 651 2144 Eapropter
674 2082 834 2128 dilecti
858 2083 908 2128 in
932 2082 1124 2128 domino
1148 2082 1235 2128 filii
1259 2080 1424 2128 vestris
1459 2080 1592 2128 iustis
1623 2080 2019 2143 postulationibus
2054 2083 2314 2130 clementer

382 2175 637 2221 annuimus
662 2179 712 2220 et
735 2174 971 2235 prefatam
999 2170 1246 2221 ecclefiam
1271 2174 1321 2218 in
1346 2188 1439 2232 qua
1473 2174 1636 2219 diuino
1668 2174 1927 2234 mancipati
1958 2171 2068 2220 estis
2091 2172 2311 2234 obsequio

381 2262 466 2312 sub
506 2267 636 2313 beati
679 2267 805 2326 petri
847 2271 897 2312 et
938 2262 1096 2312 nostra
1135 2265 1431 2326 protectione
1470 2261 1746 2325 suscipimus
1787 2268 1837 2309 et
1882 2261 2113 2324 presentis
2152 2262 2311 2325 scripti

381 2357 632 2419 priuilegio
664 2358 1015 2403 communimus
1084 2355 1143 2402 In
1166 2357 1331 2418 primis
1353 2353 1585 2415 fiquidem
1620 2352 1885 2401 statuentes
1909 2360 1962 2400 vt
1985 2355 2099 2400 ordo
2123 2357 2311 2401 canoni-

381 2464 465 2495 cus
490 2450 572 2509 qui
594 2446 857 2495 secundum
883 2449 1027 2494 deum
1051 2454 1101 2494 et
1124 2448 1255 2494 beati
1279 2444 1539 2508 Augustini
1564 2445 1801 2507 Regulam
1837 2446 1886 2491 in
1921 2445 2089 2491 eadem
2117 2443 2311 2492 ecclefia

380 2538 628 2587 institutus
673 2539 765 2587 effe
811 2538 1070 2586 dinoscitur
1106 2539 1349 2600 perpetuis
1397 2537 1576 2583 ibidem
1627 2536 1921 2597 temporibus
1970 2536 2309 2583 inuiolabiliter

380 2630 661 2678 obseruet-ur
706 2629 1008 2692 quascunque
1049 2635 1268 2691 preterea
1316 2625 1614 2689 poffeffiones
1656 2642 1938 2687 quecunque
1978 2627 2102 2672 bona
2141 2627 2306 2673 eadem

380 2718 577 2768 ecclefia
620 2722 672 2767 in
711 2718 1055 2781 presentiarum
1105 2717 1226 2765 iuste
1267 2724 1317 2765 et
1357 2719 1583 2765 canonice
1623 2715 1823 2779 poffidet
1866 2723 1950 2763 aut
1996 2718 2045 2763 in
2091 2717 2303 2762 futurum

380 2808 674 2857 conceffione
702 2810 985 2871 pontificum
1015 2810 1269 2872 largitione
1304 2808 1494 2870 Regum
1518 2807 1595 2853 vel
1617 2807 1886 2867 principum
1921 2805 2166 2851 oblacione
2189 2805 2302 2849 fide-

380 2903 499 2948 lium
544 2900 626 2947 seu
670 2900 774 2947 aliis
814 2898 949 2946 iustis
994 2900 1147 2946 modis
1192 2896 1432 2960 prestante
1478 2897 1672 2943 domino
1711 2896 1888 2957 poterit
1933 2892 2122 2954 adipisci
2167 2894 2301 2938 firma

380 2993 514 3038 vobis
554 2989 810 3051 vestrisque
854 2988 1187 3038 successoribus
1216 2995 1266 3035 et
1304 2988 1490 3034 illibata
1528 2992 1836 3047 permaneant
1903 2983 1962 3028 In
1996 2983 2167 3043 quibus
2207 2983 2297 3029 hec

378 3083 579 3143 propriis
608 3082 832 3127 duximus
856 3080 1168 3141 exprimenda
1200 3078 1442 3125 vocabulis
1516 3077 1591 3122 Ex
1615 3077 1738 3122 dono
1762 3074 2026 3120 Alexandri
2060 3073 2298 3133 quondam

380 3174 528 3235 Regis
582 3172 836 3219 Scotorum
890 3170 1123 3217 Innerbos
1173 3184 1283 3216 cum
1334 3166 1517 3228 septem
1567 3166 1798 3212 carucatis
1850 3171 1976 3210 terre
2027 3163 2297 3209 Benchorin

380 3280 490 3311 cum
525 3264 678 3311 tribus
725 3262 956 3310 carucatis
1001 3261 1226 3308 ffotheros
1277 3274 1385 3306 cum
1433 3273 1526 3304 vna
1569 3262 1789 3304 carucata
1833 3262 1960 3301 terre
2006 3253 2297 3315 Kynuchred
