2982 4016
1199 413 1494 461 TABULA.
2221 431 2319 461 xxv

413 548 488 595 89.
525 544 671 592 Carta
693 544 887 591 Ricardi
912 545 971 591 de
996 543 1242 607 Laycestir
1265 546 1324 592 de
1347 551 1476 592 terra
1497 546 1548 591 in
1572 545 1736 600 Perth,
1791 581 1801 591 .
2006 581 2016 591 .
2185 562 2230 607 p.
2253 548 2313 593 56

413 638 489 685 90.
526 634 672 682 Carta
693 635 725 681 J
728 635 928 682 ohannis
951 635 1037 682 filii
1061 634 1261 683 Davidis
1285 637 1344 683 de
1368 635 1518 682 Perth
1542 636 1601 682 de
1624 651 1722 682 una
1742 639 1937 696 parcata
1959 639 2102 690 terre,
2253 640 2315 685 57

412 729 487 776 91.
524 726 670 773 Carta
686 726 868 772 Thome
890 726 975 772 filii
1000 726 1251 774 Malcolmi
1276 728 1335 774 de
1360 726 1565 773 Lunden
1590 727 1650 773 (16
1674 723 1873 773 66616116
1891 726 1950 772 (16
1974 725 2110 787 Eych
2133 719 2183 771 in

526 816 652 870 Mar,
727 852 738 862 .
941 852 952 862 .
1155 853 1165 863 .
1367 852 1378 863 .
1581 853 1592 863 .
1794 853 1804 863 .
2006 853 2017 863 .
2256 820 2316 862 58

411 910 486 957 92.
524 905 771 954 Permiffio
796 908 1069 954 debitorum
1092 905 1321 970 religiofis
1346 909 1405 971 de
1430 908 1588 955 Scona
1611 908 1671 955 ab
1694 907 1895 956 Andrea
1918 910 2100 956 rectore
2124 909 2184 954 de

525 998 786 1045 Inchethor
810 1024 820 1035 ·
892 998 1017 1062 Oriq.
1153 1034 1163 1045 .
1366 1035 1376 1045 .
1579 1035 1589 1045 .
1792 1035 1802 1046 .
1869 1030 1871 1032 v
2005 1035 2016 1046 .
2155 1031 2158 1034 -
2254 1003 2313 1046 58

412 1093 487 1140 93.
525 1090 671 1137 Carta
686 1089 891 1137 Galfridi
906 1091 966 1136 de
981 1090 1265 1137 liberatione
1280 1090 1480 1137 clericus
1499 1091 1558 1136 de
1576 1091 1715 1137 terris
1729 1091 1780 1137 in
1796 1090 2022 1138 Clacman
2029 1107 2090 1138 an
2104 1099 2183 1138 *tc*
2255 1094 2314 1140 59

412 1184 488 1230 94.
525 1181 671 1228 Carta
694 1180 952 1227 Willielmi
975 1180 1156 1226 Blundi
1180 1181 1240 1227 de
1263 1182 1389 1227 tofto
1411 1181 1462 1226 in
1487 1180 1628 1227 Scon.
1701 1180 1828 1245 Oriq.
2005 1217 2015 1227 .
2254 1185 2314 1230 59

411 1276 486 1322 95.
524 1271 702 1327 Quieta
736 1271 958 1317 clamatio
998 1270 1031 1317 J
1034 1271 1234 1317 ohannis
1275 1270 1436 1317 clerici
1476 1277 1604 1318 terre
1640 1287 1727 1333 per
1758 1271 2083 1318 Willielmum
2124 1272 2184 1318 de

523 1361 630 1408 Len
654 1362 777 1416 date,
936 1396 947 1407 .
1149 1396 1160 1406 .
1363 1397 1373 1407 .
1579 1396 1589 1407 .
1792 1397 1803 1408 .
2006 1397 2017 1408 .
2255 1363 2313 1410 60

409 1452 484 1502 96.
521 1451 699 1506 Quieta
722 1451 946 1498 clamatio
969 1449 1212 1512 cujusdem
1238 1456 1364 1498 terre
1386 1467 1472 1513 pro
1496 1452 1658 1500 liberis
1681 1452 1714 1500 J
1717 1453 1917 1500 ohannis
1942 1453 2145 1508 Furbur,
2254 1454 2310 1500 61

329 1523 332 1526 Α
409 1547 484 1595 97.
521 1543 700 1598 Quieta
723 1542 947 1589 clamatio
972 1541 1231 1588 Willielmi
1253 1542 1339 1588 filii
1364 1542 1533 1590 Ketell
1556 1545 1669 1591 tofti
1693 1543 1936 1606 cujusdam
1960 1546 2010 1591 in
2039 1545 2183 1592 feudo

523 1635 661 1690 tenti,
725 1668 737 1679 .
938 1669 949 1679 .
995 1685 999 1689 ,
1152 1669 1163 1679 .
1365 1670 1376 1680 .
1579 1671 1589 1681 .
1793 1672 1803 1681 .
2005 1672 2016 1682 .
2253 1638 2312 1683 62

408 1729 484 1775 98.
520 1724 666 1771 Carta
690 1722 900 1771 Walteri
925 1723 1115 1785 Cumyn
1137 1721 1275 1785 super
1297 1740 1393 1772 una
1416 1730 1554 1786 petra
1577 1741 1698 1780 cere,
1791 1762 1802 1772 .
2254 1729 2312 1775 63

408 1820 484 1867 99.
521 1816 667 1863 Carta
682 1816 892 1863 Gilberti
909 1814 1114 1876 episcopi
1134 1813 1489 1862 Dunkeldenfis
1505 1817 1564 1863 de
1580 1814 1776 1863 ecclefia
1792 1817 1852 1863 de
1868 1816 2004 1879 Logy
2018 1816 2217 1873 Mahed,
2252 1819 2312 1865 63

376 1911 483 1955 100.
520 1907 666 1954 Carta
707 1906 912 1955 Galfridi
953 1903 1159 1969 episcopi
1195 1904 1551 1953 Dunkeldenfis
1587 1905 1727 1968 super
1762 1907 1897 1970 Logy
1922 1907 2105 1955 Mehed
2129 1914 2180 1955 et

521 1997 900 2060 Rothgartanan,
1147 2032 1157 2042 .
1360 2032 1370 2043 .
1573 2033 1583 2043 .
1787 2033 1797 2044 .
2003 2034 2013 2045 .
2250 2000 2312 2046 64

377 2093 483 2136 101.
519 2087 667 2136 Bulla
689 2088 895 2149 Honolrii
920 2087 1051 2149 Pape
1075 2088 1135 2134 de
1158 2088 1416 2134 eximendo
1439 2086 1636 2135 Abbate
1660 2104 1688 2135 6
1711 2086 2141 2144 Commiffionibus,
2208 2128 2210 2130 ,
2251 2091 2311 2137 65

374 2183 481 2226 109.
518 2179 667 2226 Bulla
703 2178 908 2225 Honorii
949 2177 1081 2239 Pape
1121 2177 1421 2224 inhibitionis
1461 2184 1512 2224 et
1552 2178 1928 2227 confirmationis
1967 2177 2180 2227 Ecclefie

519 2271 579 2316 de
603 2269 885 2324 Cherintun,
1150 2303 1161 2313 .
1363 2304 1374 2315 .
1577 2305 1588 2316 .
1789 2306 1799 2316 .
2002 2306 2013 2316 .
2034 2329 2036 2331 ι
2252 2273 2309 2318 65

331 2421 333 2423 ‚
356 2365 482 2422 103.
517 2361 663 2408 Bulla
687 2360 1060 2407 confirmationis
1085 2358 1289 2405 Honorii
1313 2358 1444 2420 Pape
1467 2359 1631 2422 Tertij.
1789 2396 1800 2407 .
2002 2397 2013 2408 .
2250 2364 2311 2410 66

376 2455 484 2499 104.
521 2452 668 2499 Carta
692 2451 912 2513 Gregorii
937 2450 1068 2511 Pape
1090 2451 1205 2496 noni
1229 2450 1288 2496 de
1311 2449 1624 2511 protectione,
1788 2486 1799 2497 .
2001 2487 2012 2499 .
2249 2459 2309 2506 70

375 2548 483 2591 105.
521 2542 668 2591 Carta
700 2541 974 2589 Innocentii
998 2540 1129 2602 Pape
1153 2542 1310 2601 quarti
1333 2565 1344 2576 ·
1367 2556 1429 2588 ne
1456 2542 1506 2587 in
1542 2541 1674 2589 curia
1695 2539 1895 2589 seculari
1928 2541 2179 2606 responde-

520 2639 619 2681 ant.
691 2632 818 2696 Oriq.
934 2668 946 2678 .
1147 2667 1158 2677 .
1360 2667 1371 2678 .
1573 2668 1584 2679 .
1786 2668 1799 2680 .
2001 2670 2012 2680 .
2249 2641 2308 2687 70

376 2727 486 2773 106.
522 2725 668 2772 Carta
691 2723 943 2771 Malcolmi
966 2723 1193 2784 pincerne
1217 2722 1365 2785 Regis
1389 2723 1448 2769 de
1473 2723 1657 2770 duabus
1679 2725 1925 2784 perticatis
1949 2730 2088 2780 terre,
2249 2731 2300 2776 71

378 2820 485 2868 107.
521 2813 941 2862 CartaAlexandri
952 2813 1099 2876 Regis
1115 2814 1174 2860 (16
1189 2812 1388 2875 piscaria
1400 2815 1543 2860 unius
1557 2815 1674 2861 retis
1688 2812 1828 2876 super
1842 2831 2015 2875 aquam
2026 2815 2202 2877 deTay,
2247 2821 2305 2867 72

379 2901 486 2954 108.
522 2905 838 2953 Confirmacio
878 2904 1145 2951 Alexandri
1185 2904 1333 2966 Regis
1373 2905 1648 2951 donacionis
1687 2920 1830 2964 quam
1865 2905 2082 2966 Rogerus
2118 2906 2178 2952 de

525 2996 728 3056 Quency
750 2995 923 3042 Comes
947 2996 1006 3041 de
1030 2994 1254 3056 Wynton
1277 2995 1392 3041 fecit
1415 2994 1447 3040 J
1450 2994 1626 3040 ohanni
1651 2993 1929 3055 Sparetunt.
2001 2993 2128 3059 Orzy.
2197 3034 2199 3036 .
2247 3000 2306 3048 72

379 3091 487 3137 109.
523 3086 669 3134 Carta
691 3085 885 3132 Ricardi
909 3083 1129 3145 Episcopi
1152 3081 1506 3130 Dunkeldenfis
1530 3084 1590 3130 de
1609 3083 1931 3145 Logymahed,
1999 3121 2011 3131 .
2247 3091 2307 3138 73

380 3182 488 3226 110.
524 3177 670 3225 Carta
693 3175 1066 3223 confirmationis
1088 3174 1283 3222 Ricardi
1307 3172 1527 3235 Episcopi
1551 3172 1918 3230 Dunkeldenfis,
2000 3211 2009 3222 .
2198 3214 2204 3218 .
2247 3182 2306 3228 73

1338 3263 1372 3309 d
2215 3278 2218 3280 ,
