3002 4030
448 511 564 545 nne.
591 512 749 545 DAv1D
774 513 828 545 11.
994 499 1043 546 S.
1079 499 1474 549 TRINITATIS
1509 502 1602 549 DE
1637 503 1832 552 SCON.
2282 515 2372 558 133

448 627 553 675 Nos
586 630 733 691 igitur
762 629 1071 676 attendentes
1094 645 1156 676 ex
1192 633 1545 691 permutatione
1576 633 1796 695 premissa
1826 636 2014 683 nullum
2046 640 2254 686 eminere
2284 640 2372 686 dis-

446 720 710 780 pendium!
733 735 897 766 eorum
929 720 1224 780 petitionbus
1258 729 1526 769 annuentes
1558 725 1617 770 de
1652 723 1878 772 consensu
1902 733 1952 774 et
1976 726 2154 775 affensu
2178 731 2373 790 capituli

446 807 592 856 nostri
615 810 780 857 habito
803 808 941 871 super
969 810 1059 856 hoe
1087 810 1326 871 frequenti
1361 818 1411 858 et
1443 813 1661 875 diligenti
1693 818 1898 863 tra&atu
1932 820 2374 881 communicatoque

445 901 709 960 peritorum
742 898 936 948 consilio
967 916 1052 962 per
1081 902 1279 947 modum
1311 903 1392 962 qui
1418 901 1631 963 sequitur
1652 931 1662 942 ·
1688 906 1911 954 duximus
1942 909 2256 955 ordinandum
2287 925 2339 970 vy,
2364 937 2373 948 ·

446 993 573 1052 quod
614 993 726 1040 diai
759 990 927 1040 Abbas
965 998 1017 1039 et
1050 998 1316 1039 conventus
1354 994 1564 1041 habeant
1599 1001 1649 1041 et
1688 994 1952 1058 poffideant
1992 997 2237 1046 ecclesiam
2279 1000 2374 1047 dic-

447 1089 547 1129 tam
582 1084 641 1130 de
675 1082 807 1130 blare
840 1098 985 1144 quam
1017 1079 1128 1144 ipfis
1163 1098 1225 1130 ex
1258 1098 1388 1130 nunc
1428 1084 1577 1131 libere
1611 1101 1729 1146 pure
1763 1093 1813 1133 et
1847 1085 2123 1149 {impliciter
2159 1091 2376 1136 concedi-

445 1188 552 1220 mus
597 1175 894 1221 annefflmus
941 1180 994 1221 et
1037 1174 1231 1221 unimus
1267 1174 1412 1221 titulo
1457 1177 1822 1235 permutationis
1864 1194 1974 1224 cum
2020 1180 2241 1226 omnibus
2284 1178 2374 1227 suis

446 1263 674 1311 frufflbus
698 1264 1066 1312 obventionibus
1098 1265 1295 1311 decimis
1326 1266 1582 1326 majoribus
1612 1272 1662 1313 et
1692 1268 1954 1314 minoribus
1987 1285 2043 1315 ac
2072 1270 2374 1329 pertinentiis

445 1353 675 1402 universis
714 1356 765 1402 in
800 1356 1013 1417 proprios
1057 1355 1168 1401 usus
1212 1356 1263 1401 in
1308 1355 1480 1416 prefati
1525 1355 1794 1419 monasterij
1842 1364 1893 1404 et
1938 1358 2069 1406 suam
2113 1361 2376 1407 utilitatem

444 1446 656 1507 plenarie
678 1452 911 1508 perpetuo
935 1446 1311 1493 convertendum
1330 1459 1346 1493 s
1369 1445 1543 1507 Itaque
1566 1448 1768 1495 cedente
1791 1448 1869 1495 vel
1900 1449 2162 1497 decedente
2186 1451 2376 1497 domino

445 1536 478 1583 J
480 1537 667 1584 ohanne
692 1537 832 1598 Lyell
855 1553 984 1584 nunc
1008 1537 1212 1584 Refiwre
1236 1535 1447 1599 ejusdem
1481 1539 1654 1598 prefati
1677 1536 1904 1601 Religiofi
1928 1540 2102 1586 (11616111
2133 1537 2376 1587 66616116111

445 1643 500 1674 66
523 1626 701 1674 statum
724 1633 775 1675 et
798 1628 1091 1689 corporalem
1121 1625 1444 1689 posseffionem
1469 1626 1679 1689 ejusdem
1713 1645 1798 1691 per
1820 1628 1869 1677 se
1892 1636 1942 1676 et
1970 1631 2250 1677 auditoritate
2272 1646 2376 1691 pro-

444 1719 547 1780 pria
590 1718 766 1780 absque
811 1718 1152 1781 cujuscumque
1191 1719 1388 1766 alterius
1433 1717 1745 1781 assignatione
1782 1721 1858 1766 vel
1897 1722 2197 1768 traditiones
2227 1721 2375 1768 libere

443 1811 628 1857 intrent
651 1816 701 1857 et
724 1810 1086 1858 nanciscantur!
1103 1826 1247 1871 quam
1270 1811 1389 1857 adeo
1408 1811 1556 1857 libere
1576 1817 1625 1857 et
1650 1813 1811 1871 quiete
1829 1818 2029 1858 teneant
2047 1818 2097 1858 et
2114 1809 2376 1873 poffideant

443 1900 564 1948 ficut
603 1901 812 1963 aliquam
857 1899 1105 1949 ecclefiam
1140 1902 1264 1949 infra
1300 1900 1640 1963 Episcopatum
1681 1900 1892 1949 nostrum
1928 1904 2142 1964 quiecius
2182 1902 2376 1949 liberius

443 1990 679 2054 poffident
721 1992 823 2042 seu⁴
847 1989 1080 2055 poflidere
1113 1991 1458 2040 consueverant
1490 2020 1500 2031 ·
1530 1992 1685 2040 Salvis
1721 2001 1884 2040 tamen
1919 1990 2142 2054 pensione
2181 1998 2376 2040 centum

443 2083 699 2131 solidorum
723 2082 1010 2132 monasterio
1034 2084 1094 2132 de
1113 2083 1466 2146 Cambuikynel
1491 2085 1550 2130 de
1569 2085 1694 2130 dista
1711 2081 1906 2131 ecclefia
1928 2084 1988 2131 ab
2006 2084 2119 2130 olim
2143 2084 2305 2130 debita
2326 2089 2377 2129 et

444 2177 665 2223 oneribus
688 2176 937 2223 ordinariis
960 2174 1198 2223 consuetis
1220 2181 1322 2222 tam
1347 2174 1703 2237 Episcopalibus
1728 2190 1870 2236 quam
1904 2173 2376 2221 Archidiaconalibus

443 2267 538 2315 suis
569 2268 786 2315 terminis
822 2266 943 2315 ficut
973 2267 1078 2314 fieri
1115 2264 1361 2313 consuevit
1388 2267 1600 2328 plenarie
1631 2265 1950 2328 persolvendis
1978 2271 2028 2311 et
2062 2265 2188 2325 quod
2222 2264 2376 2311 eidem

444 2358 642 2407 ecclesie
677 2375 764 2420 per
798 2374 950 2406 unum
988 2357 1291 2420 capellanum
1330 2358 1570 2420 ydoneum
1605 2356 1687 2403 seu
1727 2357 1954 2403 vicarium
1994 2361 2279 2416 perpetuum
2318 2356 2376 2401 ad

444 2447 721 2512 penfionem
744 2451 912 2497 decem
934 2464 1202 2496 mercarum
1219 2450 1270 2494 in
1289 2449 1461 2495 divinis
1481 2449 1643 2495 debite
1661 2449 1838 2495 faciant
1857 2444 2078 2493 deserviri
2102 2480 2114 2492 .
2139 2445 2377 2494 Volumus

444 2548 494 2590 et
523 2543 801 2589 ordinamus
829 2541 958 2602 quod
985 2537 1183 2588 ecclefia
1214 2540 1273 2586 de
1309 2538 1537 2586 kerintoii
1569 2539 1780 2600 predifim
1814 2535 2060 2599 postquam
2103 2536 2275 2597 prefati
2306 2551 2376 2582 re-

442 2630 594 2695 ligiofi
627 2630 805 2680 statum
839 2630 1133 2693 corporalem
1167 2636 1218 2677 et
1256 2630 1502 2691 pacificam
1537 2626 1861 2690 pofl'eflionem
1895 2627 2077 2687 prefate
2101 2623 2296 2672 ecclefie
2320 2626 2377 2671 de

443 2723 548 2770 blar
571 2724 869 2770 obtinuerint
889 2736 904 2769 s
927 2736 1071 2783 quam
1095 2727 1275 2767 extunc
1310 2721 1554 2767 dimittere
1589 2719 1878 2766 tenebantur
1897 2731 1912 2764 s
1933 2718 2116 2763 ratione
2139 2722 2377 2776 permuta-

446 2815 592 2861 tionis
615 2814 827 2875 1116111806
851 2809 1143 2874 dispofitioni
1166 2809 1421 2873 provisioni
1456 2817 1506 2858 et
1534 2810 1779 2858 collationi
1809 2806 1966 2855 nostre
2000 2813 2050 2853 et
2071 2803 2375 2852 succefl'orum

442 2904 710 2952 nostrorum
743 2905 893 2951 libere
926 2909 1173 2951 remaneat
1206 2910 1257 2950 et
1290 2903 1433 2964 pleno
1456 2901 1568 2962 jure
1601 2898 1786 2960 semper
1819 2897 2058 2958 pertineat
2080 2896 2130 2941 in
2160 2896 2376 2941 futurum

444 2997 749 3064 Renunciato
773 2996 967 3056 penitus
999 3009 1085 3055 per
1118 2994 1327 3055 prefatos
1362 2989 1625 3053 Religiosos
1659 2989 1788 3034 omni
1815 2987 1913 3048 juri
1947 2986 2073 3047 quod
2106 2982 2217 3046 ipfis
2251 3000 2378 3031 com-

443 3087 643 3149 petebat
687 3085 766 3132 vel
799 3089 1071 3146 competere
1104 3085 1265 3145 potuit
1291 3084 1355 3129 ’111
1399 3082 1566 3129 eadem
1601 3106 1612 3117 ·
1650 3078 1716 3125 Et
1750 3084 1804 3124 ut
1852 3078 1939 3123 hec
1984 3073 2143 3122 nostra
2185 3073 2375 3136 presens

441 3178 700 3226 annexatio
723 3172 956 3223 conceffio
979 3180 1031 3222 et
1053 3174 1288 3221 ordinatio
1310 3173 1506 3235 prefatis
1525 3165 1774 3232 Religiofis
1789 3168 1911 3214 faena
1942 3166 2116 3212 futuris
2135 3166 2376 3226 perpetuis

441 3269 736 3330 temporibus
775 3266 913 3314 firma
951 3271 1003 3312 et
1041 3262 1322 3312 Inconcussa
1365 3266 1643 3325 permaneat
1682 3256 1888 3321 sigillum
1929 3254 2148 3304 nostrum
2189 3257 2404 3333 audaeus
