3002 4030
247 2021 353 2066 190.

421 536 534 569 REG.
551 537 664 570 ROB.
683 538 758 570 111.
968 523 1017 571 S.
1051 524 1443 572 TRINITATIS
1479 525 1570 573 DE
1607 526 1800 576 SCON.
2251 537 2341 583 149

419 658 586 699 natum
609 651 888 716 magistrum
911 654 944 701 J
946 655 1143 701 acobum
1170 663 1395 717 tanquam
1421 656 1744 718 presentatum
1775 656 1918 719 ipfius
1941 658 2146 707 Abbatis
2169 662 2338 708 admit-

419 749 545 791 teret
568 750 618 791 et
640 745 691 791 in
714 741 953 806 posterum
975 751 1220 807 reputaret
1242 724 1412 807 quibus
1435 748 1653 794 omnibus
1675 749 1802 795 idem
1826 746 2068 810 episcopus
2091 751 2339 798 6118101116-

419 840 519 881 tem
537 835 729 896 prebuit
753 840 802 882 et
826 833 1100 882 consensum
1125 835 1185 882 In
1208 836 1342 897 cujus
1365 839 1432 884 rei
1456 836 1778 885 testimonium
1801 837 2006 900 presenti
2031 847 2160 887 carte
2182 839 2338 888 nostre

417 922 631 972 nostrum
665 927 962 987 precepimus
995 927 1168 988 apponi
1204 926 1427 988 Sigillum
1453 926 1670 976 Testibus
1694 929 2040 976 venerabilibus
2074 931 2125 976 in
2153 930 2337 977 Christo

418 1017 632 1076 patribus
656 1016 877 1063 Waltero
910 1023 961 1064 et
984 1015 1188 1063 Matheo
1225 1015 1564 1065 Sanetiandree
1601 1025 1652 1065 et
1686 1017 1987 1081 Glasguensis
2022 1019 2337 1068 Ecclefiarum

418 1105 646 1169 episcopis
678 1109 868 1155 roberto
904 1109 1080 1154 comite
1114 1108 1173 1154 de
1206 1107 1283 1168 fyf
1310 1114 1360 1154 et
1394 1108 1454 1154 de
1483 1109 1703 1156 menteth
1736 1109 1882 1155 fratre
1917 1107 2073 1156 nostro
2110 1109 2337 1158 cariffimo

419 1196 713 1244 Archibaldo
745 1199 921 1244 comite
953 1198 1012 1244 de
1041 1196 1253 1259 Douglas
1285 1198 1493 1244 domino>
1511 1199 1570 1247 de
1603 1199 1808 1260 galvidia
1833 1198 2014 1246 Jacobo
2049 1201 2108 1247 de
2143 1201 2337 1263 do'uglas

417 1289 611 1335 domino
651 1289 711 1335 de
749 1287 964 1335 Dalketh
1003 1287 1186 1335 Thema
1224 1287 1284 1333 de
1325 1287 1507 1350 Erikyn
1548 1288 1905 1350 consanguineis
1948 1288 2116 1337 nostris
2148 1291 2337 1338 (1116ἃί5

416 1379 650 1426 militibus
674 1385 725 1426 et
748 1358 1028 1425 Alexandro
1053 1378 1112 1425 de
1137 1377 1395 1425 Gokburne
1419 1378 1478 1424 (16
1501 1378 1761 1440 langtoune
1784 1376 1974 1426 custode
1997 1381 2156 1442 magni
2184 1380 2337 1443 Sigilli

416 1467 563 1515 nostri
603 1468 753 1530 Apud
795 1468 1076 1530 Edinburgh
1116 1466 1307 1514 'decimo
1349 1468 1517 1528 quinto
1560 1468 1638 1514 die
1677 1465 1849 1515 menfis
1888 1470 2149 1516 decembris
2194 1470 2338 1516 Anno

415 1553 574 1621 gracie
595 1556 847 1606 millefimo
871 1556 1207 1605 trecentefimo
1229 1554 1535 1619 nonogesimo
1551 1557 1713 1605 Tertio
1738 1558 1803 1605 Et
1825 1560 1959 1620 regni
1981 1558 2125 1605 nostri
2143 1568 2310 1621 quarto
2329 1588 2338 1597 ·

416 1741 680 1790 Consensus
715 1739 924 1789 Walteri
967 1738 1171 1801 episcopi
1211 1739 1550 1787 Sanffiandree
1589 1740 1648 1786 de
1680 1740 1790 1800 Jure
1827 1746 2107 1801 patronatus
2146 1741 2339 1789 ecclefie

417 1833 582 1881 Sanffi
611 1832 771 1895 Egidii
796 1859 806 1869 ·
1257 1835 1260 1838 ’

423 2000 685 2064 Univerfis
723 2013 898 2060 San&e
933 2013 1099 2059 matris
1134 2007 1328 2058 ecclefie
1363 2010 1472 2057 filiis
1510 2011 1570 2057 ad
1607 2025 1807 2070 quorum
1841 2012 2064 2057 notitiam
2097 2011 2337 2073 presentes

415 2107 578 2153 littere
601 2104 908 2166 pervenerint
932 2101 1182 2149 Walterus
1216 2098 1516 2162 permistione
1539 2101 1699 2148 divina
1722 2099 1980 2163 Episcopus
2004 2101 2338 2150 SanGtiandree

416 2197 636 2245 Salutem
670 2197 720 2242 111
756 2195 970 2240 omnium
1002 2191 1250 2239 Salvatore
1283 2188 1595 2239 Univerfitati
1629 2189 1781 2239 vestre
1815 2192 2012 2239 facimus
2047 2190 2138 2239 effe
2171 2199 2338 2240 notum

417 2288 544 2348 quod
583 2302 694 2333 cum
739 2280 1055 2331 sereniffimus
1088 2283 1307 2344 princeps
1342 2288 1391 2329 et
1425 2283 1645 2329 dominus
1679 2281 1840 2329 noster
1873 2283 2091 2328 dominus
2112 2283 2337 2330 robertus

417 2379 493 2425 dei
524 2378 678 2440 gratia
708 2391 794 2423 rex
828 2374 1106 2422 Scottorum
1139 2373 1312 2420 tertius
1346 2370 1676 2420 illustriffimus
1710 2379 1869 2420 motus
1902 2388 1987 2434 pro
2021 2373 2230 2420 caritatis
2269 2376 2337 2420 in-

415 2471 546 2516 tuitu
578 2468 611 2515 J
615 2483 670 2515 us
703 2471 983 2529 patronatus
1018 2462 1214 2512 ecclefie
1247 2462 1527 2525 parochialis
1567 2447 1728 2510 Sancti
1768 2463 1926 2525 Egidii
1962 2463 2021 2510 de
2058 2463 2335 2526 Edinburgh

415 2558 572 2608 nostre
591 2555 788 2606 diocefis
810 2572 908 2603 non
931 2555 1082 2602 solum
1105 2560 1218 2601 voto
1241 2555 1429 2615 proprio
1453 2569 1617 2601 verum
1641 2555 1787 2602 etiam
1810 2569 1871 2600 ex
1893 2552 2004 2601 sana
2019 2551 2087 2600 sui
2111 2554 2338 2601 delibera-

414 2653 547 2698 tione
570 2646 751 2698 confilii
781 2648 842 2696 ad
874 2647 1000 2708 quod
1022 2646 1327 2692 interfuimus
1362 2645 1478 2692 licet
1511 2645 1660 2693 exiles
1693 2642 1903 2698 nostrum
1937 2645 1996 2691 ad
2029 2645 2076 2691 id
2111 2642 2336 2692 affensum

413 2743 670 2803 prebentes
687 2737 903 2787 fimiliter
922 2745 972 2784 et
990 2734 1267 2785 consensum
1290 2734 1569 2784 monasterio
1594 2736 1653 2782 de
1676 2735 1833 2782 Scona
1856 2735 1979 2781 dicte
2002 2733 2158 2781 nostre
2181 2735 2334 2781 dioce-

414 2831 472 2880 fis
496 2839 547 2879 et
565 2832 819 2880 Canonicis
840 2830 1019 2877 ibidem
1043 2829 1133 2875 deo
1151 2826 1462 2874 servientibus
1485 2832 1536 2873 et
1559 2827 1608 2872 in
1632 2832 1914 2887 perpetuum
1936 2823 2174 2871 servituris
2191 2824 2334 2872 sanffi

414 2925 592 2971 ordinis
614 2919 875 2984 Augustini
908 2935 1041 2967 mera
1062 2933 1250 2979 quoque
1285 2917 1539 2964 devotione
1571 2917 1761 2963 duxerit
1796 2915 2148 2962 concedendum
2171 2914 2333 2962 secun-

417 3017 531 3062 dum
554 3013 682 3075 quod
704 3017 789 3074 per
811 3011 1005 3058 Cartam
1029 3010 1141 3056 diai
1165 3009 1344 3055 domini
1379 3005 1523 3053 nostri
1558 3007 1679 3068 regis
1701 3012 1864 3067 patere
1887 3005 2108 3066 liquidius
2131 3005 2332 3051 vidimus

416 3112 466 3152 et
489 3102 652 3151 testari
683 3102 789 3149 Nos
811 3101 999 3147 ruinam
1026 3099 1139 3145 dieti
1172 3095 1443 3144 monasterii
1472 3103 1522 3143 et
1550 3096 1862 3157 indigentiam
1895 3097 1946 3141 in
1978 3095 2332 3156 quampluribus

415 3191 754 3257 cognoscentes
776 3190 996 3237 nolentes
1013 3188 1068 3236 id
1091 3189 1218 3250 quod
1236 3189 1295 3235 ad
1313 3187 1389 3234 dei
1408 3193 1458 3234 et
1475 3185 1760 3233 sacrosancte
1783 3182 1976 3232 ecclesie
1999 3185 2183 3232 cultum
2201 3186 2328 3232 dedit

414 3287 632 3332 minuere
650 3283 726 3330 vel
751 3280 1107 3342 quomodolibet
1129 3279 1347 3340 impediri
1370 3292 1529 3338 ymmo
1552 3277 1710 3337 potius
1733 3272 2048 3322 conceffiones
2069 3273 2332 3335 hujusmodi
