3002 4030
1656 387 1696 422 0

656 500 752 576 με
1339 495 1549 543 LIBER
1584 495 1914 556 Eccnsms
2124 477 2127 480 ’
2388 512 2488 545 sne.
2507 511 2591 544 xv.

658 626 912 672 tiratantro
959 625 1219 688 vulgariter
1263 625 1502 686 loquendo
1537 624 1632 686 syff
1667 626 1762 673 and
1807 626 1930 687 ridyl
1975 625 2228 675 cribrafitto
2267 629 2500 675 mundato
2540 634 2592 674 et

657 715 821 762 debite
866 716 1097 777 deputato
1142 720 1285 776 prout
1324 721 1375 762 et
1420 714 1824 775 quemadmodum
1863 716 2163 763 frumentum
2208 718 2335 777 quod
2379 718 2593 764 defertur

658 808 901 853 communi
942 807 1042 852 foro
1088 805 1394 852 vendendum
1438 812 1718 867 preparatur
1762 811 1814 852 et
1859 806 2120 853 mundatur
2163 805 2346 854 Abbati
2386 814 2438 854 et
2478 823 2591 854 con-

658 899 824 943 ventui
858 897 1082 959 prediffis
1108 896 1255 956 juxta
1288 876 1433 956 ipfius
1466 911 1584 943 cane
1618 909 1892 957 premevam
1926 894 2311 943 Infeodationem
2343 898 2590 944 annuatim

658 994 708 1033 et
742 1002 852 1034 cum
886 984 1107 1033 mensura
1139 986 1380 1046 quondam
1405 985 1645 1032 Willelmi
1680 985 1828 1047 Regis
1861 991 1912 1032 et
1946 986 2188 1051 donatoris
2210 984 2462 1048 supradiffi
2488 1002 2594 1048 per-

657 1077 773 1123 solvi
797 1083 1022 1124 teneatur
1056 1075 1134 1122 De
1157 1082 1209 1122 et
1231 1074 1371 1136 super
1403 1076 1576 1136 quibus
1599 1076 1821 1122 omnibus
1843 1082 1896 1122 et
1919 1074 2114 1137 {iugulis
2138 1076 2351 1137 prefatus
2374 1076 2593 1123 dominus

657 1167 824 1214 Abbas
847 1183 876 1214 a
898 1182 976 1213 me
999 1167 1186 1213 notario
1219 1165 1413 1227 publico
1436 1163 1697 1227 subscripto
1720 1162 1806 1211 fibi
1829 1165 1932 1211 fieri
1966 1166 2113 1226 peciit
2146 1166 2238 1212 hoc
2260 1164 2451 1227 presens
2473 1166 2594 1227 pub-

656 1258 803 1304 licum
827 1254 1198 1303 instrumentum
1221 1255 1348 1302 A&a
1381 1261 1519 1302 erant
1551 1256 1642 1302 hec
1677 1255 1759 1302 ubi
1783 1253 1923 1316 supra
1953 1254 2057 1302 Sub
2079 1270 2206 1302 anno
2229 1256 2306 1302 die
2329 1254 2489 1303 mense
2512 1255 2594 1302 In-

635 1349 866 1408 „difflone
889 1353 940 1394 et
963 1346 1249 1408 pontificatu
1270 1344 1548 1407 supradietis
1582 1343 1889 1392 Presentibus
1922 1345 2101 1392 ibidem
2136 1346 2340 1393 dominis
2367 1347 2594 1393 auditori-

657 1439 747 1485 bus
768 1436 1044 1499 supradiffls
1066 1437 1228 1484 Alano
1251 1438 1398 1484 etiam
1430 1437 1490 1483 de
1513 1437 1678 1483 laudre
1702 1435 1981 1483 Alexandro
2004 1434 2333 1499 scrymgeoure
2356 1437 2592 1499 clavigero

657 1535 707 1575 et
731 1529 924 1576 henrico
948 1529 1009 1575 de
1031 1527 1319 1574 Ottirburne
1340 1524 1542 1573 testibus
1566 1541 1675 1574 cum
1699 1525 1943 1573 nonnullis
1965 1526 2071 1573 aliis
2094 1527 2155 1573 ad
2177 1524 2395 1588 premifl'a
2412 1528 2592 1574 vocatis

655 1618 920 1680 specialiter
942 1626 993 1664 et
1017 1614 1278 1677 Requifitis
1302 1644 1313 1654 ·
2542 1609 2546 1614 ’

832 1709 899 1755 Et
932 1723 1022 1770 ego
1053 1707 1313 1755 Galwanus
1343 1707 1505 1769 Brady
1526 1705 1770 1770 presbyter
1792 1706 2130 1755 dunblanenfis
2153 1707 2349 1756 diocefis
2372 1709 2592 1770 publicus

830 1800 1116 1846 amiton'tate
1140 1797 1383 1859 Imperiali
1415 1798 1647 1845 Notarius
1679 1798 1807 1854 Quia
1835 1800 1886 1844 in
1920 1796 2151 1860 premiffis
2174 1799 2368 1859 querela
2401 1800 2454 1846 et
2482 1815 2594 1846 con·

830 1887 1026 1937 seffione
1049 1888 1313 1950 ceterisque
1336 1889 1559 1936 omnibus
1581 1888 1687 1936 aliis
1721 1895 1773 1936 et
1803 1887 1999 1952 singulis
2032 1890 2147 1936 dum
2181 1887 2246 1936 fic
2268 1896 2326 1936 ut
2358 1892 2595 1951 premitti-

828 1988 910 2027 tur
944 1996 1103 2028 coram
1139 1980 1337 2041 prefatis
1377 1980 1581 2026 dominis
1615 1981 1912 2027 auditoribus
1945 1967 2211 2042 agerentu?
2237 1986 2288 2027 et
2323 1951 2596 2028 diossrentur

829 2079 881 2119 et
914 2072 1087 2119 fierent
1123 2070 1237 2118 Una
1258 2085 1369 2117 cum
1391 2072 1737 2131 prenominatis
1759 2068 1962 2121 testibus
1994 2069 2185 2132 presens
2218 2071 2416 2118 intel-fni
2443 2087 2594 2132 eaque

828 2164 991 2210 omnia
1012 2168 1064 2209 et
1086 2159 1271 2223 fingula
1303 2158 1366 2208 fic
1396 2161 1500 2208 fieri
1535 2162 1632 2207 vidi
1672 2160 1803 2208 Scivi
1837 2168 1889 2208 et
1927 2162 2089 2208 audivi
2120 2168 2172 2208 et
2204 2163 2256 2208 in
2289 2168 2454 2209 notam
2489 2164 2593 2223 cepi

830 2252 1043 2313 Ideoque
1082 2253 1174 2298 hoc
1215 2250 1405 2312 presens
1439 2251 1686 2312 publicum
1721 2250 2094 2298 instrumentum
2134 2267 2282 2299 manu
2321 2252 2478 2299 aliena
2515 2268 2594 2299 me

830 2346 973 2391 certis
1010 2344 1115 2390 aliis
1152 2349 1384 2404 occupato
1421 2343 1627 2404 negotiis
1662 2342 1872 2390 fideliter
1907 2343 2091 2390 confeci
2132 2342 2281 2405 Signo
2312 2359 2368 2390 ac
2401 2345 2595 2390 nomine

830 2437 950 2482 meis
971 2433 1122 2481 solitis
1145 2440 1197 2481 et
1220 2432 1459 2481 consuetis
1483 2433 1582 2480 Hic
1605 2448 1683 2480 me
1705 2447 1852 2480 manu
1876 2431 2225 2480 Subscribendo
2249 2432 2445 2496 Signavi
2468 2441 2520 2480 et
2542 2435 2593 2479 in

829 2527 953 2573 hanc
986 2525 1227 2586 pisplicam
1268 2525 1471 2571 formam
1506 2524 1692 2586 Redegi
1726 2523 1803 2571 Ac
1839 2523 2021 2587 sigillis
2053 2525 2352 2585 quorundam
2386 2524 2593 2571 Audito-

830 2630 938 2662 rum
960 2615 1281 2677 prediflmrum
1305 2615 1365 2662 de
1388 2629 1555 2661 eorum
1579 2613 1787 2675 Speciali
1809 2615 2037 2662 mandato
2060 2615 2205 2661 michi
2228 2615 2352 2661 fa&o
2376 2614 2593 2677 sigillavi

832 2707 1049 2770 Rogatus
1082 2707 1261 2768 pariter
1293 2712 1345 2752 et
1378 2702 1631 2765 requifitus
1661 2706 1711 2750 in
1741 2704 1886 2751 fidem
1921 2710 1973 2751 et
2006 2702 2334 2774 tefiimonium
2359 2705 2594 2753 Veritatis

833 2798 1049 2844 omnium
1071 2802 1123 2844 et
1146 2796 1456 2859 Singulorum
1478 2793 1805 2858 premifl'omm
1826 2793 1910 2841 Ad
1933 2794 2279 2842 Cancellariam
2303 2822 2315 2831 ·

660 2980 971 3027 Confirmatio
993 2950 1337 3040 Jacotssflegis
1361 2977 1495 3025 Cane
1518 2975 1761 3038 cujusdam
1785 2976 1845 3023 de
1867 2977 2008 3023 terris
2031 2976 2092 3023 de
2115 2975 2428 3037 Inchmertyn
2451 3002 2462 3013 ·

512 3163 622 3205 2⁶22.
662 3146 706 3210 J
711 3161 887 3208 acobus
911 3159 1005 3208 Dei
1028 3160 1199 3208 Gratia
1221 3158 1330 3207 Rex
1366 3087 1644 3206 Scottorum
1678 3157 1901 3204 omnibus
1934 3158 2094 3218 probis
2125 3157 2397 3204 hominibus
2417 3156 2511 3204 suis
2533 3160 2593 3205 ad

664 3268 780 3314 quos
803 3251 1045 3313 presentes
1079 3251 1241 3298 littere
1274 3250 1581 3312 pervenerint
1602 3246 1805 3296 salutem
1839 3247 2015 3295 Sciatis
2048 3263 2136 3295 nos
2169 3247 2408 3309 quoddam
2435 3248 2593 3294 aRum

1076 3488 1120 3531 O
