2982 4016
618 529 676 572 48
1295 513 1502 563 LIBER
1539 506 1866 559 ECCLESIE
2314 519 2401 554 suc
2426 518 2543 553 xm.

614 654 741 703 Scon
764 660 814 703 et
838 651 1076 701 canonicis
1099 647 1276 695 ibidem
1303 646 1408 692 Deo
1431 641 1746 691 servientibus
1764 646 1816 688 et
1838 638 2080 686 servituris
2103 637 2163 684 de
2187 643 2292 685 tota
2315 644 2443 685 terra
2464 636 2548 683 illa

615 759 757 808 quam
780 742 968 791 Suanus
992 739 1116 786 filius
1150 738 1273 784 thori
1308 749 1424 783 avus
1458 730 1674 780 eiusdem
1699 729 1910 777 Walteri
1934 726 2111 776 eisdem
2135 728 2376 775 canonicis
2410 728 2545 774 dedit

619 838 669 883 in
682 833 930 882 Tibermur
945 846 1029 892 per
1046 826 1211 875 divIsas
1234 830 1486 873 contentas
1505 824 1555 870 in
1573 821 1934 869 confirmatione
1951 817 2163 866 eiusdem
2180 817 2392 866 Walteri
2410 824 2462 866 et
2486 818 2547 864 de

620 924 823 987 quodam
845 921 967 969 tofto
991 919 1117 980 quod
1139 918 1231 964 fuit
1254 914 1476 963 aurifabri
1511 928 1622 961 cum
1657 911 1761 959 aliis
1796 911 1932 958 toftis
1965 910 2195 972 proximis
2218 909 2548 957 adiacentibus

620 1016 772 1062 eidem
797 1013 918 1060 tofto
941 1026 1024 1072 per
1046 1007 1213 1055 divisas
1236 1011 1488 1054 contentas
1513 1004 1562 1050 in
1586 1002 1755 1050 eadem
1778 1000 2139 1049 confirmatione
2164 998 2230 1046 Et
2254 1000 2314 1047 de
2345 999 2550 1060 quadam

620 1103 797 1152 terrula
812 1102 949 1163 supra
971 1100 1153 1147 fontem
1176 1098 1257 1159 qui
1273 1101 1469 1146 vocatur
1486 1094 1591 1141 fons
1609 1094 1733 1156 regis
1751 1108 1835 1154 per
1853 1089 2023 1139 divisas
2038 1096 2291 1139 contentas
2313 1090 2365 1137 in
2382 1090 2550 1138 eadem

620 1193 973 1243 confirmatione
1007 1189 1074 1236 Et
1108 1189 1167 1235 de
1201 1187 1402 1249 quadam
1425 1183 1620 1248 piscaria
1653 1184 1712 1231 de
1747 1182 1928 1230 Carnes
1995 1181 2283 1230 Tenendum
2305 1181 2357 1228 in
2379 1195 2549 1243 puram

619 1291 668 1332 et
690 1288 967 1346 perpetuam
1005 1276 1309 1327 elemosinam
1347 1292 1459 1324 cum
1496 1275 1834 1323 communione
1864 1271 2055 1336 pasture
2086 1278 2138 1320 et
2168 1270 2447 1321 aifiamento
2470 1287 2553 1319 ne-

620 1376 763 1423 moris
786 1372 995 1422 eiusdem
1019 1371 1226 1419 Walteri
1251 1376 1301 1417 et
1323 1369 1494 1417 ceteris
1525 1366 1858 1415 communibus
1889 1363 2179 1414 aifiamentis
2202 1365 2263 1412 de
2284 1364 2553 1411 Tubermur

622 1470 691 1515 ita
712 1466 859 1514 libere
883 1472 931 1512 et
955 1465 1115 1525 quiete
1138 1462 1347 1525 plenarie
1371 1466 1421 1508 et
1444 1458 1639 1521 pacifice
1656 1454 1778 1506 ficut
1796 1457 2095 1505 confirmatio
2113 1455 2324 1505 eiusdem
2342 1455 2553 1504 Walteri

625 1557 798 1606 eisdem
836 1556 1074 1604 canonicis
1110 1554 1221 1600 inde
1259 1553 1382 1599 faeta
1422 1547 1623 1598 testatur
1670 1546 1850 1612 [salvo]
1899 1546 2095 1596 servicio
2135 1563 2244 1595 meo
2334 1544 2554 1594 Testibus

631 1648 879 1696 VVillelmo
902 1647 960 1693 de
984 1644 1152 1692 boscho
1177 1642 1457 1691 cancellario
1482 1640 1735 1688 Willelmo
1760 1640 1937 1689 cumin.

625 1829 929 1876 Confirmatio
954 1827 1127 1890 Rogeri
1152 1827 1211 1873 de
1235 1824 1410 1882 Quinci
1435 1823 1638 1872 Comitis
1673 1823 1734 1870 de
1758 1821 1979 1885 Wynton
2012 1822 2283 1876 donationis
2315 1820 2556 1869 Willelmi

628 1922 686 1968 de
711 1920 828 1968 Len.

538 2100 595 2146 79
632 2089 895 2152 Univerfis
919 2102 1135 2149 fidelibus
1168 2101 1252 2147 has
1283 2099 1467 2146 litteras
1492 2096 1657 2145 visuris
1684 2097 1761 2145 vel
1794 2097 2030 2145 audituris
2054 2096 2273 2161 Roget-us
2296 2097 2357 2145 de
2380 2096 2556 2154 Quinci

628 2209 785 2242 comes
820 2192 1082 2254 Wyntonie
1123 2190 1495 2239 constabillarius
1537 2189 1701 2238 Scotie
1738 2188 1959 2236 Salutem
2034 2188 2242 2236 Noverit
2276 2186 2557 2237 univerfitas

632 2284 783 2332 vestra
805 2300 889 2331 nos
913 2291 1063 2331 ratam
1086 2291 1134 2331 et
1157 2289 1341 2346 gratam
1375 2282 1551 2330 habere
1587 2281 1894 2328 donationem
1919 2279 2161 2328 Willelmi
2195 2281 2255 2328 de
2279 2280 2386 2328 Len
2413 2295 2558 2343 quam

635 2379 748 2425 fecit
781 2377 939 2424 abbati
964 2377 1021 2422 de
1045 2374 1201 2422 Scona
1224 2382 1274 2421 et
1297 2374 1536 2422 canonicis
1569 2372 1749 2419 ibidem
1772 2371 1878 2419 Deo
1901 2370 2219 2420 servientibus
2241 2378 2293 2420 et
2315 2370 2558 2420 servituris

634 2470 682 2515 in
717 2473 998 2529 perpetuum
1031 2465 1167 2527 super
1203 2472 1330 2514 terra
1362 2465 1445 2513 illa
1478 2480 1571 2526 que
1605 2464 1698 2510 fuit
1734 2463 1795 2510 de
1830 2463 2028 2511 baronia
2061 2465 2210 2526 patris
2241 2465 2338 2512 mei
2369 2464 2558 2512 comitis

637 2558 901 2620 Wyntonie
924 2558 1044 2604 infra
1066 2557 1267 2619 burgum
1291 2557 1350 2604 de
1374 2556 1523 2603 Perth
1546 2571 1639 2617 que
1661 2555 1787 2602 iacet
1809 2555 1938 2602 inter
1960 2560 2138 2602 terram
2172 2570 2266 2617 que
2293 2556 2386 2603 fuit
2410 2571 2560 2617 quon-

635 2650 743 2696 dam
768 2648 964 2695 Henrici
999 2648 1125 2695 baldi
1160 2654 1209 2695 et
1244 2654 1420 2695 terram
1456 2663 1550 2709 que
1582 2647 1676 2693 fuit
1708 2645 1962 2709 galeatoris
1999 2660 2143 2708 quam
2164 2644 2345 2694 scilicet
2380 2653 2559 2695 terram

637 2741 764 2787 idem
789 2739 1065 2786 Willelmus
1088 2740 1246 2786 tenuit
1269 2740 1329 2787 de
1351 2739 1487 2786 nobis
1509 2754 1595 2801 per
1611 2737 1806 2785 Cartam
1874 2736 2196 2786 concedimus
2213 2739 2361 2786 etiam
2379 2744 2430 2786 et
2447 2754 2559 2787 con-

634 2831 874 2878 firmamus
906 2830 1166 2892 predictam
1200 2836 1375 2878 terram
1408 2831 1629 2892 predictis
1652 2829 1815 2877 abbati
1838 2834 1889 2877 et
1911 2829 2150 2877 canonicis
2184 2836 2236 2877 et
2269 2846 2436 2878 eorum
2457 2829 2560 2879 suc·

639 2919 888 2969 cefforibus
924 2922 1180 2968 tenendam
1215 2927 1266 2968 et
1298 2921 1566 2969 habendam
1594 2922 1655 2969 de
1684 2921 1820 2969 nobis
1855 2926 1906 2968 et
1941 2920 2195 2969 heredibus
2233 2920 2405 2970 nostris
2437 2920 2559 2971 ficut

637 3017 767 3060 carta
800 3009 956 3059 nostra
991 3012 1165 3059 exinde
1204 3013 1420 3060 confecta
1455 3013 1580 3061 ᾱίἃο
1615 3011 1868 3060 Willelmo
1901 3027 1931 3059 a
1963 3011 2101 3060 nobis
2136 3010 2335 3074 prestita
2371 3014 2559 3076 plenius

639 3099 890 3151 attestatur
925 3102 1143 3165 Excepto
1182 3103 1429 3167 hostilagio
1463 3105 1590 3166 quod
1625 3104 1761 3151 dictis
1794 3104 1956 3152 abbati
1990 3110 2042 3152 et
2082 3106 2321 3153 canonicis
2355 3106 2417 3154 ad
2449 3122 2561 3154 ean-

641 3193 749 3239 dem
771 3198 945 3240 terram
967 3192 1227 3242 remisimus
1294 3195 1534 3243 Volumus
1557 3196 1720 3256 itaque
1738 3196 1866 3257 quod
1887 3196 2088 3258 prediffl
2111 3195 2256 3244 abbas
2274 3202 2326 3244 et
2344 3199 2559 3246 canonici

641 3280 948 3344 supradictam
971 3289 1144 3331 terram
1167 3286 1374 3333 habeant
1397 3292 1447 3333 et
1465 3291 1663 3334 teneant
1686 3286 1835 3334 libere
1856 3287 2115 3336 honorifice
2132 3293 2183 3335 et
2200 3289 2364 3350 quiete
2430 3289 2559 3337 Red-

642 3373 796 3420 dendo
818 3373 927 3420 inde
944 3374 1078 3422 nobis
1096 3382 1146 3423 et
1162 3376 1414 3424 heredibus
1433 3375 1601 3424 nostris
1619 3378 1867 3426 annuatim
1883 3378 2128 3427 dimidiam
2145 3393 2354 3427 marcam
2372 3384 2556 3444 argenti
