2982 4016
324 1767 383 1814 96

419 543 534 577 Rae.
554 543 688 577 ALEX
707 542 762 575 11.
972 527 1021 575 S.
1057 524 1453 576 TRINITATIS
1489 527 1581 574 DE
1617 526 1812 574 SCON.
2301 530 2356 575 61

420 662 479 710 ad
509 659 798 723 petitionem
832 674 991 708 meam
1025 658 1239 722 appofita
1270 659 1382 708 sunt
1415 661 1505 707 hec
1538 657 1692 723 figilla
1759 658 1957 706 Scilicet
1990 656 2198 722 figillum
2233 675 2362 706 com-

418 768 567 800 mune
590 749 898 815 burgenfium
921 753 981 799 de
1006 751 1155 799 Perth
1180 757 1230 810 et
1253 750 1462 815 figillum
1486 752 1667 799 domini
1691 750 1800 799 Elie
1825 752 1992 799 decani
2029 751 2089 798 de
2125 751 2277 798 Perth
2311 758 2362 798 et

417 842 613 891 istorum
647 845 860 891 militum
894 842 1075 892 scilicet
1110 844 1291 890 domini
1329 843 1570 891 Willelmi
1605 844 1666 891 de
1698 843 2029 899 munthfichet
2064 844 2363 891 vicecomitis

419 937 479 984 de
520 936 671 984 Perth
711 937 893 983 domini
931 935 1143 984 WValteri
1184 936 1244 982 de
1282 935 1511 982 Rothven
1548 936 1728 982 domini
1771 935 2011 983 Willelmi
2053 937 2113 983 de
2154 935 2270 982 Blar
2311 942 2361 982 et

420 1029 602 1075 domini
627 1028 868 1075 Willelmi
903 1026 1114 1075 Olifarth
1181 1026 1293 1075 Hiis
1327 1025 1530 1075 testibus
1563 1026 1787 1074 Johanne
1822 1027 1993 1089 Cokyn
2028 1025 2267 1090 prepofito
2303 1027 2364 1074 de

420 1120 569 1169 Perth
613 1120 856 1176 michaele
894 1119 994 1166 filio
1036 1119 1248 1167 Serlonis
1287 1119 1512 1167 Johanne
1559 1121 1619 1168 de
1664 1120 1804 1168 Bello
1847 1122 2037 1170 Joanne
2085 1122 2183 1168 filio
2231 1121 2366 1170 Lene

421 1212 636 1260 Henrico
671 1213 732 1260 de
767 1211 899 1263 Birie
930 1211 1145 1259 Henrico
1181 1212 1241 1259 de
1275 1210 1540 1258 Bedeforth
1577 1210 1831 1260 Willelmo
1867 1214 1926 1260 de
1963 1214 2145 1277 Gragin
2179 1214 2365 1262 Thoma

418 1304 663 1351 Thirithec
689 1304 956 1352 Laurencio
991 1303 1091 1350 filio
1120 1302 1277 1365 Wyth
1305 1303 1470 1365 judice
1506 1303 1566 1350 de
1601 1303 1751 1351 Perth
1788 1303 2027 1353 Nicholao
2053 1307 2112 1353 de
2137 1305 2363 1353 Scarthe-

418 1396 541 1459 burg
562 1395 776 1450 COichale
799 1396 859 1442 de
884 1394 1043 1442 Scona
1066 1394 1273 1441 Ricardo
1296 1393 1396 1440 filio
1421 1393 1576 1440 Maud
1602 1400 1652 1442 et
1675 1395 1843 1442 multis
1867 1396 1985 1443 aliis.

419 1576 598 1634 Quieta
620 1578 844 1626 clamatio
869 1575 1114 1639 cujusdam
1138 1582 1266 1625 terre
1289 1592 1374 1639 pro
1399 1576 1560 1624 liberis
1583 1576 1616 1624 J
1619 1578 1820 1626 ohannis
1847 1579 2050 1627 Furbur.

428 1746 684 1811 Omnibus
703 1758 878 1808 Christi
901 1760 1124 1808 fidelibus
1149 1760 1234 1808 has
1258 1761 1422 1808 literas
1440 1760 1607 1808 visuris
1627 1761 1704 1809 vel
1724 1763 1956 1810 audituris
1980 1759 2190 1813 matilda
2213 1779 2365 1825 quon-

418 1857 527 1903 dam
546 1870 668 1901 uxor
681 1852 714 1900 J
717 1853 917 1901 ohannis
933 1852 1124 1900 Furbur
1138 1858 1188 1900 et
1207 1867 1373 1900 omnes
1389 1853 1560 1901 fratres
1575 1859 1625 1901 et
1640 1861 1863 1915 parentes
1879 1860 1978 1901 tam
2001 1856 2113 1902 dicti
2128 1854 2160 1902 J
2163 1856 2363 1903 ohannis

417 1962 560 2010 quam
579 1945 805 1993 mulieres
830 1950 880 1992 et
898 1950 1004 1992 tota
1022 1960 1228 1992 comuna
1251 1944 1313 1991 de
1338 1944 1501 1992 Perth<
1547 1944 1766 1993 Salutem
1791 1947 1841 1992 in
1863 1947 2056 1993 domino
2110 1946 2162 1993 N
2165 1948 2362 1994 oueritis

416 2055 503 2087 nos
526 2039 587 2086 de
611 2038 804 2086 comuni
828 2034 1022 2085 confilio
1045 2042 1300 2099 parentum
1325 2030 1376 2083 et
1399 2038 1662 2084 amicorum
1693 2034 1960 2084 nostrorum
1983 2035 2288 2101 burgensium
2313 2046 2362 2086 et

416 2133 567 2179 totius
592 2145 796 2178 comune
820 2129 880 2176 de
906 2128 1055 2176 Perth
1080 2129 1300 2189 quietum
1335 2127 1554 2176 clamasse
1588 2143 1674 2190 pro
1709 2128 1871 2176 liberis
1906 2129 2143 2177 Johannis
2177 2130 2364 2178 Furbur

418 2224 478 2270 de
503 2221 651 2270 Perth
676 2221 839 2268 abbati
863 2226 915 2267 et
940 2220 1180 2266 canonicis
1204 2220 1264 2267 de
1285 2217 1442 2267 Scona
1463 2226 1623 2267 totum
1639 2221 1720 2281 jus
1746 2222 1872 2282 quod
1891 2219 1975 2283 ipfi
2002 2222 2139 2269 liberi
2162 2222 2363 2270 habuer-

404 2321 508 2362 ,unt
542 2314 619 2362 vel
652 2313 829 2360 habere
860 2306 1125 2373 potuerunt
1159 2312 1210 2357 in
1246 2317 1375 2358 terra
1407 2311 1539 2358 unda
1573 2317 1624 2358 et
1659 2313 1882 2359 incendio
1907 2311 2090 2361 vastata
2112 2329 2256 2375 quam
2278 2313 2364 2362 sci-

417 2407 533 2454 licet
556 2405 587 2452 J
592 2405 803 2452 ohannes
829 2403 1018 2449 Furbur
1036 2408 1175 2465 pater
1197 2403 1518 2464 predidmrum
1554 2403 1812 2450 liberorum
1848 2414 2032 2452 emerat
2057 2406 2116 2453 de
2141 2406 2361 2458 Gilberto

417 2497 515 2544 filio
540 2493 710 2545 Vdard
739 2495 799 2541 de
825 2493 991 2541 Forfar
1026 2500 1076 2541 et
1099 2509 1250 2541 uxore
1284 2492 1368 2540 sua
1402 2492 1642 2542 Christina
1675 2511 1760 2556 pro
1795 2495 1948 2543 tribus
1982 2497 2153 2545 marcis
2177 2500 2361 2561 argenti

419 2605 535 2651 quas
570 2588 768 2651 predicti
804 2586 950 2633 abbas
986 2591 1036 2635 et
1072 2586 1288 2632 canonici
1323 2585 1460 2632 nobis
1495 2586 1556 2633 ad
1591 2600 1710 2648 opus
1743 2588 2068 2649 predictorum
2104 2589 2362 2638 liberorum

419 2682 657 2729 dederunt
680 2694 773 2740 que
797 2684 926 2725 terra
948 2677 1175 2724 videlicet
1192 2677 1464 2739 adjudicata
1480 2678 1573 2724 fuit
1597 2675 1706 2740 ipfis
1725 2680 1965 2727 canonicis
1984 2681 2033 2727 in
2052 2681 2196 2742 plena
2219 2682 2363 2730 Curia

419 2774 480 2820 ob
521 2772 760 2819 defectum
796 2767 1046 2815 solutionis
1083 2769 1226 2815 unius
1265 2783 1425 2815 marce
1462 2784 1604 2830 quarn
1641 2767 1727 2832 ipfi
1766 2772 1981 2818 canonici
2018 2773 2265 2820 annuatim
2303 2775 2361 2821 de

420 2864 632 2926 predicta
675 2867 805 2909 terra
850 2865 1169 2922 perceperunt
1216 2859 1283 2906 Et
1322 2865 1451 2907 retro
1497 2861 1590 2908 fuit
1637 2876 1723 2923 per
1761 2878 1910 2910 annos
1956 2863 2116 2925 plures
2156 2871 2206 2911 et
2246 2865 2361 2912 licet

419 2962 598 3002 terram
633 2952 766 2999 illam
801 2949 1336 3025 eisdemiadjudicatam
1370 2951 1431 2998 de
1463 2951 1574 3013 jure
1609 2954 1800 2999 comuni
1836 2951 2068 3015 possidere
2102 2954 2360 3016 potuissent

420 3054 585 3094 tamen
618 3049 675 3091 ut
706 3058 813 3091 eam
849 3043 992 3105 pleno
1025 3043 1136 3104 jure
1174 3047 1226 3089 et
1255 3041 1453 3104 pacifico
1484 3043 1534 3088 in
1563 3050 1851 3104 perpetuum
1883 3043 2190 3105 presedifl'ent
2222 3045 2362 3110 supra

365 3166 369 3171 -
419 3141 735 3185 memoratam
758 3134 1014 3196 pecuniam
1041 3133 1204 3180 liberis
1225 3131 1504 3195 supradietis
1538 3149 1599 3180 ex
1623 3134 1921 3182 habundanti
1958 3136 2194 3185 dederunt
2251 3138 2359 3187 Hec

420 3226 490 3276 est
513 3228 660 3290 igitur
693 3225 778 3272 illa
800 3231 929 3272 terra
964 3239 1055 3285 que
1081 3221 1214 3285 jacet
1237 3224 1366 3270 inter
1388 3229 1565 3287 terram
1601 3223 1848 3273 Amabille
1884 3233 1934 3274 et
1972 3234 2150 3276 terram
2178 3231 2359 3278 arnaldi

420 3319 621 3370 niterius
654 3317 879 3379 quoniam
915 3315 1044 3362 frons
1079 3312 1289 3376 ejusdem
1314 3319 1444 3361 terre
1468 3329 1529 3362 ex
1554 3314 1696 3378 longa
1727 3314 2002 3377 poffeflione
2030 3318 2236 3382 ipsorum
2268 3322 2360 3370 fuit
