2982 4016
630 540 689 591 76
1303 524 1509 575 LIBER
1543 518 1871 570 ECCLESIE
2304 529 2406 564 sec.
2432 527 2551 562 xm.

631 670 745 718 tatis
767 665 979 715 incursus
1012 670 1095 712 aut
1130 676 1209 709 eos
1243 676 1272 708 a
1303 652 1541 720 propofito
1575 657 1769 701 revocet
1802 656 1887 698 aut
1921 648 2089 696 Robur
2121 648 2248 710 quod
2281 645 2403 696 abfit
2426 646 2556 695 sacre

632 758 871 822 religionis
907 755 1133 816 infringat
1199 750 1272 797 Ea
1309 752 1503 809 propter
1548 743 1710 791 dilecti
1754 742 1805 788 in
1850 740 2044 787 domino
2082 738 2170 787 filii
2215 738 2383 787 vestris
2418 736 2558 801 justis

632 846 1027 913 postulationibus
1060 843 1322 891 clementer
1354 837 1608 885 annuimus
1642 839 1693 880 et
1727 827 1976 879 ecclesiam
2009 830 2175 878 Sanffi
2211 829 2468 878 Michaelis
2502 830 2562 878 de

636 940 792 987 Scona
814 936 976 984 Sancti
1011 933 1207 980 Andree
1241 925 1449 992 dyocesis
1483 928 1534 973 in
1568 939 1663 987 quo
1703 923 1865 969 divino
1898 922 2160 983 mancipati
2193 920 2306 969 estis
2339 920 2564 983 obsequio

637 1030 720 1078 sub
762 1028 886 1075 beati
927 1025 1056 1072 Petri
1102 1029 1153 1070 et
1197 1018 1355 1068 nostra
1398 1017 1695 1080 proteffione
1731 1012 2008 1076 suscipimus
2044 1019 2096 1060 et
2134 1010 2367 1075 presentis
2404 1010 2567 1075 scripti

636 1118 879 1183 privilegio
913 1114 1262 1163 communimus
1331 1109 1390 1156 In
1423 1109 1588 1171 primis
1624 1103 1856 1168 fiquidem
1887 1102 2153 1152 statuentes
2183 1110 2241 1152 ut
2274 1104 2390 1151 ordo
2425 1119 2566 1152 cano-

635 1212 770 1259 nicus
793 1208 873 1268 qui
897 1204 1153 1253 secundum
1178 1203 1321 1249 deum
1345 1207 1396 1248 et
1418 1199 1548 1247 beati
1582 1195 1821 1260 augustini
1855 1195 2072 1259 regulam
2102 1196 2153 1243 in
2177 1195 2346 1243 eadem
2369 1193 2569 1244 ecclefia

636 1298 883 1347 institutus
916 1293 1007 1344 effe
1034 1292 1301 1342 ‘dinoscitur
1323 1290 1566 1354 perpetuis
1589 1288 1769 1336 ibidem
1802 1287 2099 1349 temporibus
2122 1286 2464 1335 inviolabiliter
2486 1287 2569 1334 ob-

637 1389 848 1438 servetur
894 1388 1119 1435 Preterea
1163 1382 1481 1446 quascumque
1525 1376 1825 1443 poffeffiones
1870 1393 2171 1440 quecumque
2225 1379 2353 1426 bona
2401 1379 2568 1426 eadem

639 1478 834 1530 ecclesia
857 1476 1250 1541 inpresentiarum
1275 1473 1404 1537 juste
1439 1480 1489 1521 et
1523 1471 1752 1520 canonice
1785 1467 1989 1533 poffidet
2022 1477 2107 1518 aut
2130 1471 2178 1517 in
2209 1470 2428 1517 futurum
2458 1486 2570 1518 con—

640 1570 841 1620 cessione
865 1570 1143 1632 pontificum
1171 1567 1423 1628 largitione
1459 1564 1648 1627 Regum
1672 1561 1750 1608 vel
1783 1562 2053 1624 principum
2088 1561 2333 1609 oblatione
2355 1561 2570 1609 fidelium

641 1663 721 1711 seu
760 1662 863 1710 aliis
900 1658 1040 1721 justis
1080 1658 1232 1704 modis
1271 1654 1512 1718 prestante
1552 1655 1746 1702 domino
1791 1654 1971 1716 poterit
2015 1650 2210 1715 adipisci
2254 1653 2391 1702 firma
2435 1654 2570 1701 vobis

641 1750 894 1812 vestrisque
918 1746 1249 1796 successoribus
1283 1754 1334 1794 et
1367 1747 1553 1794 illibata
1585 1751 1900 1808 permaneant
1967 1743 2028 1792 In
2063 1745 2237 1806 quibus
2259 1745 2348 1793 hec
2370 1746 2571 1807 propriis

640 1844 861 1891 duximus
902 1840 1213 1903 exprimenda
1251 1838 1494 1885 vocabulis
1533 1838 1693 1885 locum
1738 1833 1892 1898 ipsum
1929 1837 1980 1883 in
2020 1851 2114 1898 quo
2149 1837 2336 1899 prefata
2374 1834 2572 1884 ecclesia

641 1934 729 1983 fita
750 1932 818 1981 est
836 1948 947 1981 cum
970 1931 1190 1978 omnibus
1214 1930 1516 1991 pertinentiis
1538 1927 1632 1976 suis
1656 1943 1768 1976 cum
1790 1929 1940 1990 pratis
1957 1928 2110 1976 vineis
2132 1929 2273 1976 terris
2295 1929 2572 1976 nemoribus

641 2024 844 2087 usuagiis
867 2030 917 2070 et
939 2020 1120 2084 pascuis
1155 2022 1205 2067 in
1239 2018 1378 2067 bosco
1412 2027 1463 2067 et
1498 2020 1640 2082 plano
1674 2020 1725 2066 in
1759 2020 1895 2081 aquis
1929 2025 1980 2067 et
2012 2019 2301 2067 molendinis
2334 2021 2385 2067 in
2408 2021 2498 2068 viis
2521 2026 2572 2068 et

642 2116 821 2164 semitis
844 2121 895 2162 et
917 2113 1136 2160 omnibus
1166 2112 1270 2160 aliis
1294 2112 1597 2159 libertatibus
1621 2116 1672 2159 et
1696 2111 2082 2158 immunitatibus
2104 2109 2199 2158 suis
2266 2109 2395 2159 Sane
2424 2127 2571 2159 noua-

645 2208 763 2254 lium
786 2203 1047 2252 vestrorum
1081 2219 1174 2265 que
1207 2204 1407 2266 propriis
1441 2203 1662 2250 manibus
1696 2207 1781 2249 aut
1814 2199 2083 2264 sumptibus
2117 2202 2275 2250 colitis
2306 2203 2367 2250 de
2400 2203 2573 2265 quibus

646 2297 815 2358 aliquis
836 2296 1064 2343 hactenus
1087 2310 1183 2341 non
1217 2295 1430 2356 percepit
1454 2291 1551 2341 five
1586 2294 1646 2341 de
1670 2291 1935 2340 vestrorum
1957 2293 2238 2342 animalium
2265 2295 2575 2343 nutrimentis

648 2387 807 2434 nullus
830 2402 858 2434 a
879 2386 1012 2432 vobis
1036 2386 1241 2433 decimas
1265 2387 1457 2448 exigere
1475 2386 1552 2433 vel
1576 2391 1862 2447 extorquere
1884 2384 2127 2447 presumat
2194 2385 2363 2434 Liceat
2386 2402 2575 2448 quoque

651 2478 782 2525 vobis
815 2476 1009 2524 clericos
1032 2476 1109 2523 vel
1143 2476 1285 2524 laicos
1319 2477 1493 2524 liberos
1527 2483 1578 2524 et
1611 2474 1852 2524 absolutos
1881 2492 1909 2524 e
1932 2474 2092 2524 seculo
2115 2477 2358 2540 fugientes
2380 2479 2441 2526 ad
2464 2495 2576 2527 con-

653 2565 911 2616 verfionem
935 2569 1142 2629 recipere
1165 2574 1215 2614 et
1250 2584 1332 2615 eos
1355 2566 1530 2629 absque
1553 2569 1930 2616 contradiffione
1952 2568 2113 2630 aliqua
2133 2570 2342 2617 retinere
2410 2570 2577 2619 Prohi-

651 2661 818 2707 bemus
840 2656 1028 2720 insuper
1050 2664 1105 2705 ut
1139 2658 1259 2705 nulli
1283 2659 1483 2706 fratrum
1506 2656 1769 2707 vestrorum
1802 2657 1907 2721 post
1929 2659 2105 2707 fastam
2126 2661 2178 2707 in
2201 2659 2400 2708 ecclesia
2422 2660 2578 2725 vestra

654 2747 986 2812 profeffionem
1025 2750 1095 2796 fas
1135 2745 1195 2795 fit
1237 2746 1335 2796 fine
1380 2749 1588 2798 Abbatis
1632 2747 1704 2796 sui
1748 2749 1946 2797 licentia
1980 2747 2068 2797 nifi
2107 2752 2301 2799 arcioris
2336 2752 2579 2816 religionis

653 2841 855 2888 obtentu
879 2841 937 2887 de
961 2840 1129 2887 eodem
1153 2840 1257 2887 loco
1293 2839 1534 2888 discedere
1601 2838 1943 2888 Discedentem
1976 2855 2091 2888 vero
2125 2840 2301 2903 absque
2335 2846 2579 2892 communi

652 2932 918 2979 litterarum
963 2928 1221 2978 vestrarum
1266 2933 1486 2979 cautione
1531 2932 1693 2979 nullus
1737 2931 1913 2979 audeat
1957 2933 2165 2980 retinere
2245 2933 2371 2981 Cum
2416 2942 2579 2983 autem

652 3022 871 3085 generale
893 3022 1200 3069 interdffimm
1223 3028 1350 3070 terre
1373 3023 1517 3070 fuerit
1551 3023 1695 3071 liceat
1718 3023 1852 3070 vobis
1885 3020 2055 3071 claufis
2076 3022 2248 3072 Januis
2270 3022 2474 3074 exclufis
2498 3042 2582 3074 ex-

654 3113 1012 3160 communicatis
1035 3119 1085 3160 et
1108 3114 1372 3161 interdiffis
1395 3130 1492 3161 non
1515 3112 1712 3176 pulsatis
1730 3115 1973 3176 campanis
1990 3115 2249 3164 dummodo
2272 3114 2461 3164 causam
2484 3133 2582 3166 non

657 3202 880 3249 dederitis
902 3203 1153 3250 interdi&o
1176 3202 1412 3266 suppreffi),
1434 3220 1550 3253 voce
1573 3206 1735 3253 divina
1766 3204 1922 3253 officia
1943 3205 2184 3254 celebrare
2263 3205 2446 3255 Crisma
2467 3222 2580 3256 vero

659 3292 816 3340 oleum
857 3289 1067 3340 sanctum
1113 3292 1487 3343 consecrationes
1531 3296 1754 3355 altarium
1790 3294 1874 3344 seu
1917 3294 2216 3346 basilicarum
2261 3297 2583 3348 ordinationes
