2982 4016
338 557 454 593 Rm.
481 555 628 591 MALc.
878 543 928 591 S.
964 542 1360 593 TRINITATIS
1395 543 1488 593 DE
1520 544 1712 595 SCON.
2223 561 2281 603 15

340 674 590 737 Forgrund
625 680 676 721 et
699 671 735 719 fi
759 672 818 721 ad
849 673 1099 721 aliusmodi
1130 676 1315 723 firmam
1345 673 1498 737 posita
1530 677 1674 724 fuerit
1697 673 1915 725 fimiliter
1938 685 1988 726 et
2022 682 2133 728 inde
2157 684 2281 731 deci-

337 780 467 813 mam
490 780 638 812 vnum
661 766 840 812 toftum
869 767 920 812 in
953 766 1245 827 Lynlithcou
1277 782 1580 814 communem
1608 766 1829 829 pascuam
1851 770 1986 817 vobis
2010 777 2059 818 et
2083 772 2283 821 homini·

338 857 428 904 bus
452 856 618 904 vestris
652 873 739 918 per
760 858 974 904 maneria
995 856 1079 904 sua
1100 857 1389 919 Vbicumque
1411 864 1537 905 terre
1556 856 1709 906 vestre
1743 861 1967 908 maneriis
2002 860 2096 909 suis
2119 864 2281 912 aflines

339 947 519 995 fuerint
603 947 934 995 Rationabiles
974 962 1165 1008 quoque
1202 948 1449 995 libertates
1490 955 1540 996 et
1579 949 1946 998 consuetudines
1997 969 2026 1000 a
2068 953 2281 1017 Regibus

340 1039 474 1086 vobis
498 1037 733 1086 concefl'as
756 1036 877 1085 ficut
894 1039 945 1084 in
963 1039 1273 1099 au&entiquo
1297 1036 1470 1100 scripto
1489 1056 1654 1087 eorum
1673 1042 1847 1089 exinde
1867 1043 1991 1090 faeta
2009 1047 2282 1093 continetur

340 1131 473 1177 vobis
496 1131 780 1178 au&oritate
812 1127 1070 1191 apostolica
1092 1129 1427 1176 confirmamus
1495 1130 1620 1178 Cum
1654 1138 1819 1180 autem
1860 1150 2114 1183 commune
2136 1138 2282 1185 inter-

340 1223 520 1268 di&um
543 1227 671 1269 terre
691 1221 840 1267 fuerit
865 1221 1009 1267 liceat
1032 1220 1168 1267 vobis
1191 1217 1360 1267 claufis
1386 1221 1548 1281 januis
1582 1238 1680 1269 non
1713 1223 1910 1285 pulsatis
1943 1227 2281 1276 tintinnabulis

342 1309 544 1360 exclufis
579 1312 1008 1360 excommunicatis
1033 1317 1084 1358 et
1107 1311 1374 1357 interdictis
1398 1309 1632 1373 suppressa
1654 1329 1771 1361 voce
1795 1316 1958 1364 diuina
1980 1319 2132 1366 officia
2159 1320 2281 1366 cele-

340 1405 476 1451 brare
545 1402 855 1465 Sepulturam
887 1417 1077 1463 quoque
1099 1398 1243 1464 ipfius
1267 1401 1360 1448 loci
1383 1402 1584 1450 liberam
1605 1402 1700 1451 effe
1718 1407 2026 1454 concedimus
2043 1414 2100 1455 ut
2118 1425 2282 1457 eorum

341 1495 588 1542 deuotioni
613 1499 664 1541 et
688 1499 909 1541 extreme
944 1493 1186 1540 voluntati
1221 1494 1304 1554 qui
1338 1491 1387 1540 se
1422 1493 1521 1541 illic
1554 1491 1763 1555 sepelliri
1795 1496 2165 1546 deliberauerint
2195 1498 2282 1546 nifi

341 1587 465 1632 forte
511 1585 918 1632 excommunicati
958 1583 1034 1631 vel
1076 1585 1320 1631 interdi&i
1364 1581 1459 1631 fint
1498 1585 1662 1633 nullus
1705 1584 1899 1634 obfistat
1943 1586 2075 1636 salua
2120 1596 2282 1637 tamen

340 1675 527 1724 iusticia
564 1675 911 1738 parochialium
951 1671 1258 1723 ecclesiarum
1299 1676 1360 1722 de
1394 1676 1567 1736 quibus
1607 1683 1905 1724 mortuorum
1937 1695 2132 1742 corpora
2167 1679 2285 1728 affu-

340 1773 542 1815 muntur
621 1766 850 1815 Obeunte
889 1782 1001 1814 vero
1047 1771 1099 1813 te
1143 1781 1274 1813 nunc
1319 1765 1530 1813 eiusdem
1583 1767 1675 1815 loci
1717 1767 1914 1816 Abbate
1959 1770 2036 1817 vel
2087 1777 2281 1818 tuorum

342 1858 557 1920 quolibet
601 1856 915 1906 successorum
949 1858 1112 1905 nullus
1145 1858 1212 1904 ibi
1251 1858 1467 1919 qualibet
1503 1857 1820 1920 subreptionis
1855 1858 2032 1908 astucia
2065 1859 2148 1909 seu
2182 1865 2280 1909 vio-

342 1950 499 1997 lencia
533 1955 826 2011 proponatur
855 1945 943 1995 nifi
983 1964 1127 2010 quem
1161 1949 1332 1996 fratres
1367 1951 1610 1996 communi
1649 1947 1786 1997 sensu
1820 1951 1899 1998 uel
1939 1952 2141 1999 fratrum
2176 1969 2282 2015 pars

344 2039 538 2089 sanioris
578 2039 758 2103 confilij
799 2039 1064 2088 secundum
1104 2040 1250 2088 deum
1284 2045 1335 2087 et
1367 2039 1498 2087 beati
1533 2038 1791 2103 Augustini
1826 2042 2063 2105 Regulam
2098 2046 2285 2106 preuid-

346 2139 491 2181 erunt
524 2132 802 2195 eligendum
886 2131 1203 2180 Decernimus
1237 2147 1350 2195 ergo
1385 2136 1439 2178 vt
1471 2131 1594 2178 nulli
1627 2134 1822 2179 omnino
1855 2134 2103 2181 hominum
2141 2136 2285 2183 liceat

346 2220 583 2286 prefatam
628 2221 878 2272 ecclesiam
922 2229 1108 2271 temere
1147 2224 1429 2284 perturbare
1479 2228 1564 2270 aut
1610 2224 1711 2270 eius
1756 2212 2055 2286 pofl'effiones
2100 2227 2285 2274 auferre

351 2316 429 2364 vel
469 2316 652 2364 ablatas
691 2317 902 2363 retinere
942 2317 1164 2362 minuere
1200 2321 1285 2362 aut
1321 2315 1564 2377 'aliquibus
1602 2319 1941 2366 vexacionibus
1975 2321 2176 2383 fatigare
2215 2319 2285 2367 set

349 2409 512 2455 omnia
545 2408 735 2470 integra
773 2405 1118 2454 conseruentur
1153 2421 1319 2453 eorum
1355 2422 1442 2468 pro
1483 2423 1687 2468 quorum
1721 2409 2068 2471 gubernatione
2104 2418 2154 2458 et
2194 2410 2287 2459 sus-

350 2498 620 2548 sentatione
652 2495 865 2545 concessa
905 2496 1016 2544 sunt
1050 2494 1208 2544 vfibus
1243 2499 1529 2545 omnimodis
1565 2500 1815 2560 profutura
1896 2500 2042 2548 Salua
2086 2503 2136 2548 in
2184 2518 2283 2550 om-

351 2591 492 2638 nibus
526 2586 782 2652 apostolice
805 2588 927 2636 sedis
950 2589 1235 2635 au&oritate
1258 2594 1309 2635 et
1335 2587 1584 2650 dyocesani
1609 2589 1813 2652 episcopi
1841 2594 2068 2639 canonica
2101 2592 2285 2640 iusticia

353 2682 407 2730 Si
441 2697 535 2743 qua
567 2683 715 2743 igitur
748 2682 798 2727 in
832 2680 1049 2726 futurum
1084 2676 1399 2727 ecclesiastica
1431 2678 1710 2728 secularisve
1742 2681 1940 2743 persona
1974 2684 2094 2730 hanc
2127 2682 2284 2730 nostre

354 2771 708 2822 constitutionis
752 2772 977 2834 paginam
1016 2769 1167 2817 sciens
1207 2776 1374 2817 contra
1413 2786 1518 2817 eam
1558 2777 1741 2818 temere
1775 2773 1938 2819 venire
1972 2774 2282 2834 temptauerit

352 2861 559 2910 secundo
604 2862 813 2908 tertioue
858 2861 1151 2908 commonita
1194 2858 1230 2907 fi
1275 2876 1373 2907 non
1416 2866 1604 2908 reatum
1649 2859 1784 2907 suum
1829 2877 2037 2923 congrua
2079 2860 2282 2909 satiffac-

355 2955 488 3000 tione
527 2951 789 2998 correxerit
823 2947 1073 3011 potestatis
1106 2949 1389 3012 honorisque
1423 2949 1494 2997 sui
1527 2952 1762 3014 dignitate
1796 2957 1953 2998 careat
1985 2967 2208 3011 reamque
2244 2949 2278 2996 fi

357 3044 520 3091 diuino
543 3042 718 3088 iudicio
742 3039 945 3087 existere
964 3042 1023 3087 de
1041 3047 1317 3102 perpetrata
1333 3042 1587 3102 iniquitate
1602 3039 1852 3102 cognoscat
1870 3046 1920 3087 et
1937 3056 1965 3087 a
1980 3039 2280 3088 sacratiffimo

358 3148 553 3195 corpore
571 3148 626 3178 ac
642 3129 869 3192 sanguine
888 3131 965 3176 dei
984 3136 1035 3177 et
1052 3132 1231 3178 domini
1249 3131 1561 3191 redemptoris
1579 3129 1723 3176 nostri
1740 3130 1773 3176 J
1776 3129 1917 3177 ehesu
1936 3128 2110 3177 Christi
2127 3130 2282 3178 aliena

357 3226 442 3272 fiat
466 3230 612 3283 atque
635 3223 686 3268 in
704 3226 921 3267 extremo
940 3222 1162 3268 examine
1186 3219 1394 3267 dim-iae
1411 3221 1585 3267 vlcioni
1603 3218 1843 3267 subiaceat
1906 3220 2102 3267 Cunffls
2121 3227 2282 3267 autem

360 3315 518 3363 eidem
540 3313 645 3360 loco
668 3310 751 3359 sua
774 3312 876 3358 iura
892 3309 1192 3358 seruantibus
1215 3308 1275 3357 fit
1298 3326 1392 3372 pax
1416 3311 1595 3357 domini
1618 3307 1763 3357 nostri
1779 3310 1812 3358 J
1815 3309 1957 3358 ehesu
1975 3309 2147 3357 Christi
2171 3326 2282 3372 qua·-
