2982 4016
324 1419 384 1466 73

418 573 534 607 nm.
554 574 702 608 mx.
723 575 776 607 11.
876 546 879 548 ’
970 562 1020 610 s.
1057 563 1452 613 TRINITATIS
1488 564 1580 614 DE
1616 565 1810 614 scon
2289 578 2348 620 45

418 692 581 752 quiete
605 697 655 738 et
678 692 890 753 plenarie
912 692 1034 742 ficut
1057 701 1188 743 carta
1209 697 1406 758 prediffi
1431 697 1634 748 Comitis
1668 699 1780 746 inde
1803 699 1925 746 facta
1948 699 2083 747 dietis
2114 703 2350 750 canonicis

416 780 539 830 iuste
562 781 767 831 testatur
832 783 1051 833 Testibus
1073 785 1298 850 magistro
1322 787 1525 835 Matheo
1549 790 1667 836 canc
1691 788 1837 852 Ingei?
1865 790 1925 837 de
1948 789 2115 838 Baillis
2139 790 2351 841 Henrico

417 872 586 921 Baillis
625 854 782 923 caffia?
819 875 1046 939 Radulph
1083 878 1328 940 capellano
1363 877 1585 927 Waltero
1623 879 1798 928 Cumin
1834 881 2049 929 Galfrido
2086 882 2258 931 clerico
2294 885 2353 931 de

418 966 701 1015 liberatione
734 967 986 1016 Willelmo
1027 969 1088 1016 de
1122 969 1299 1017 Bonkil
1387 969 1534 1032 Apud
1574 970 1754 1018 Kinros
1789 975 1923 1019 xxvt⁰
1960 974 2035 1021 die
2072 974 2193 1035 Maij
2229 990 2352 1022 anno

416 1059 551 1120 regni
576 1057 757 1106 domini
781 1059 929 1123 Regis
952 1062 1121 1121 quinto
1145 1061 1343 1108 decimo.

418 1238 565 1287 Carta
587 1239 855 1288 Alexandri
880 1241 1028 1305 Regis
1053 1243 1114 1289 de
1141 1242 1452 1304 protefflone.

419 1406 719 1468 Alexander
736 1420 830 1469 Dei
844 1423 1001 1484 gratia
1017 1421 1127 1469 Rex
1146 1422 1426 1470 Scottorum
1461 1423 1699 1471 Omnibus
1718 1427 2078 1474 vicecomitibus
2096 1429 2283 1478 ballivis
2301 1438 2352 1477 et

419 1513 591 1560 ceteris
614 1512 775 1574 probis
797 1513 1071 1560 hominibus
1094 1511 1189 1561 suis
1213 1514 1274 1561 de
1298 1513 1520 1563 Moravia
1551 1521 1601 1562 et
1636 1516 1697 1563 de
1731 1516 1933 1565 Catann.
1970 1520 2029 1566 ad
2063 1535 2180 1581 quos
2214 1521 2354 1569 litere

416 1602 661 1666 presentes
684 1605 992 1666 pervenerint
1014 1603 1218 1652 salutem
1287 1605 1462 1653 Sciatis
1484 1622 1571 1654 nos
1594 1622 1767 1654 navem
1791 1609 1976 1656 abbatis
2008 1616 2058 1657 et
2090 1619 2354 1659 conventus

419 1695 479 1742 de
504 1694 663 1742 Scona
686 1701 736 1742 et
758 1695 977 1744 homines
1009 1694 1117 1744 suos
1150 1697 1230 1759 qui
1266 1695 1376 1744 sunt
1411 1698 1462 1744 in
1495 1696 1594 1760 ipsa
1627 1704 1678 1745 et
1713 1701 1872 1747 omnia
1905 1700 2030 1749 bona
2063 1717 2228 1749 eorum
2262 1719 2355 1765 que

419 1786 600 1833 habent
633 1787 683 1833 in
719 1787 887 1834 eadem
910 1786 996 1835 sub
1030 1786 1190 1835 nost-ra
1222 1789 1359 1836 firma
1392 1804 1511 1851 pace
1545 1795 1596 1837 et
1629 1792 1924 1851 protectione
1958 1790 2079 1839 iuste
2111 1792 2355 1855 suscepisse

421 1878 583 1934 Quare
604 1878 807 1926 firmiter
827 1879 1134 1941 prohibemus
1158 1895 1221 1928 ne
1244 1881 1350 1942 quis
1375 1880 1500 1928 diste
1523 1882 1633 1928 navi
1656 1881 1732 1929 vel
1755 1882 2025 1930 hominibus
2056 1886 2136 1945 qui
2169 1884 2279 1931 sunt
2303 1887 2353 1932 in

420 1970 587 2017 eadem
612 1974 697 2017 aut
720 1969 858 2017 bonis
881 1970 1006 2018 infra
1027 1969 1175 2033 ipsam
1200 1972 1442 2019 contentis
1460 1971 1643 2019 malum
1660 1973 1882 2020 iniuriam
1899 1973 2162 2022 molestiam
2182 1974 2352 2023 iniuste

420 2061 595 2108 inferat
630 2067 715 2110 aut
749 2077 1009 2125 gravamen
1031 2061 1172 2125 super
1195 2061 1404 2110 nostram
1427 2062 1688 2124 plenariam
1723 2063 2063 2112 forisfafituram
2131 2065 2196 2113 Et
2220 2068 2352 2114 vobis

420 2153 703 2200 mandamus
739 2158 790 2200 et
826 2154 1114 2215 precipimus
1151 2154 1378 2215 quatinus
1415 2169 1526 2201 cum
1562 2153 1661 2216 ipsa
1696 2156 1829 2202 navis
1870 2171 1956 2217 per
1996 2171 2078 2203 vos
2117 2155 2354 2204 transierit

420 2242 568 2305 ipsam
593 2249 643 2291 et
665 2244 884 2291 homines
907 2244 1093 2291 abbatis
1115 2250 1168 2291 et
1192 2250 1458 2292 conventus
1482 2246 1562 2306 qui
1594 2246 1644 2292 in
1679 2261 1736 2292 ea
1769 2246 1948 2294 fuerint
1982 2244 2102 2295 iuste
2136 2255 2354 2295 manute-

421 2336 576 2381 neatis
600 2340 650 2381 et
674 2335 944 2382 defendatis
967 2349 1064 2381 non
1098 2335 1437 2396 permittentes
1472 2342 1706 2398 quantum
1741 2337 1791 2384 in
1826 2338 1959 2385 vobis
1994 2337 2064 2386 est
2097 2346 2152 2386 ut
2187 2339 2354 2401 aliquis

422 2427 491 2473 eis
512 2427 735 2474 iniuriam
758 2426 933 2474 inferat
957 2431 1041 2473 aut
1062 2441 1320 2489 gravamen
1388 2427 1476 2475 Set
1511 2443 1592 2475 eos
1626 2444 1683 2476 ea
1716 2444 1810 2490 que
1844 2430 1903 2476 ad
1938 2430 2116 2477 νὶὸὶιιῐῐι
2150 2430 2355 2492 ipsorum

422 2519 608 2567 abbatis
655 2524 706 2566 et
751 2523 1017 2566 conventus
1062 2518 1241 2565 fuerint
1286 2517 1541 2566 necefl'aria
1586 2520 1712 2566 inter
1752 2535 1834 2567 vos
1874 2517 1972 2568 fine
2012 2522 2354 2582 impedimento

423 2625 582 2657 emere
605 2610 899 2671 permittatis
965 2606 1186 2656 Testibus

425 2791 571 2839 Carta
594 2791 862 2839 Alexandri
886 2791 1034 2854 Regis
1058 2792 1118 2839 de
1141 2790 1325 2839 duabus
1349 2792 1469 2839 acris
1492 2797 1619 2839 terre
1641 2793 1691 2839 in
1715 2793 1953 2839 territorio
1977 2794 2035 2840 de
2059 2792 2197 2840 Scon.

332 2979 395 3027 74
426 2958 725 3022 Alexander
748 2971 842 3019 Dei
864 2973 1019 3035 gratia
1042 2972 1151 3019 Rex
1175 2972 1454 3020 Scottorum
1489 2973 1709 3020 omnibus
1731 2973 1888 3034 probis
1911 2973 2180 3020 hominibus
2203 2974 2350 3020 totius

425 3073 552 3114 terre
575 3062 658 3111 sue
679 3061 883 3110 salutem
951 3062 1120 3110 Sciant
1142 3061 1386 3125 presentes
1411 3069 1461 3110 et
1483 3063 1634 3110 futuri
1669 3078 1753 3110 nos
1778 3063 2022 3110 caritative
2046 3060 2218 3109 dedisse
2241 3079 2352 3110 con-

427 3152 600 3205 ceffiffe
635 3161 685 3201 et
718 3154 807 3201 hac
842 3158 974 3202 carta
1005 3150 1164 3200 nostra
1196 3151 1489 3201 confirmasse
1527 3153 1688 3201 abbati
1729 3159 1778 3200 et
1819 3154 2055 3200 canonicis
2095 3154 2155 3200 de
2196 3153 2351 3201 Scona

428 3250 544 3295 duas
567 3260 699 3294 acras
723 3251 847 3292 terre
870 3245 921 3291 in
943 3245 1183 3292 territorio
1207 3244 1267 3292 de
1290 3242 1447 3292 Scona
1469 3244 1550 3291 ubi
1575 3243 1902 3291 molendinum
1925 3242 2130 3305 ipsorum
2161 3245 2351 3294 canoni·

429 3353 592 3387 corum
629 3336 689 3384 ad
728 3341 928 3384 ventum
967 3332 1111 3382 fitum
1152 3333 1223 3382 est
1301 3334 1512 3382 Tenend.
1554 3340 1603 3381 et
1641 3335 1842 3382 habend.
1884 3333 2057 3381 eisdem
2098 3333 2257 3382 abbati
2300 3341 2350 3381 et
