2982 4016
336 1932 396 1975 45

433 529 549 563 ΒΕΘ.
576 529 688 563 WIL.
1006 517 1055 564 S.
1091 517 1486 567 TRINITATIS
1523 519 1614 567 DE
1651 520 1843 569 SCON.
2297 534 2357 579 ⁶29

431 645 639 694 mansuri
662 646 772 695 sunt
795 648 846 694 in
868 649 1012 696 moris
1035 650 1158 697 infra
1181 651 1474 697 territorium
1499 651 1558 698 de
1583 650 1891 700 Louchoruer
1913 651 2114 701 salutem
2180 658 2360 711 mando

432 738 566 785 vobis
590 744 641 786 et
664 739 865 787 firmiter
887 741 1096 802 precipio
1121 747 1177 788 ut
1201 741 1261 788 de
1284 742 1480 790 decimis
1499 748 1549 789 et
1568 742 1627 790 de
1643 744 1863 791 omnibus
1881 744 1985 792 aliis
2001 746 2362 795 rectitudinibus

432 830 605 890 quibus
630 828 831 878 vestram
854 837 1060 879 matrem
1095 830 1343 880 ecclesiam
1375 848 1509 880 more
1543 832 1918 882 Christianorum
1942 838 2157 883 venerari
2182 838 2363 885 debetis

431 918 531 967 fitis
553 921 765 982 plenarie
788 921 1058 984 spe&antes
1081 924 1140 970 ad
1165 922 1412 971 ecclesiam
1437 924 1496 971 de
1520 923 1828 973 Louchoruer
1854 924 1975 973 ficut
1998 942 2085 974 nos
2109 934 2195 974 aut
2219 928 2362 989 aliqui

431 1012 512 1059 alii
535 1018 648 1059 ante
672 1028 758 1060 nos
781 1014 832 1060 in
855 1014 1026 1060 eodem
1058 1015 1296 1061 territorio
1327 1020 1579 1063 manentes
1612 1015 1785 1063 melius
1809 1022 1945 1064 erant
1968 1015 2271 1079 respicientes
2305 1020 2364 1065 ad

432 1104 635 1151 eandem
659 1102 906 1152 ecclefiam
929 1111 1147 1166 tempore
1169 1105 1294 1168 regis
1323 1104 1486 1153 Dauid
1521 1107 1600 1153 aui
1633 1108 1730 1154 mei
1764 1105 1885 1155 ficut
1919 1114 2050 1156 carta
2081 1110 2205 1171 regis
2239 1110 2363 1164 6031-

432 1194 575 1241 colmi
598 1196 755 1243 fratris
777 1196 873 1243 mei
896 1196 1099 1258 precipit
1131 1201 1182 1243 et
1216 1196 1467 1244 confirmat
1492 1197 1621 1245 Volo
1646 1199 1774 1259 quod
1795 1205 1852 1246 ut
1876 1215 1932 1247 ea
1956 1215 2048 1261 que
2072 1200 2180 1247 Rex
2205 1200 2363 1248 Dauid

431 1302 550 1333 auus
584 1302 720 1334 meus
758 1288 810 1334 in
850 1287 1018 1334 diebus
1046 1286 1140 1334 suis
1171 1286 1294 1335 iuste
1325 1285 1494 1334 statuit
1528 1294 1578 1335 et
1611 1290 1821 1337 maxime
1854 1291 1906 1337 in
1940 1289 2136 1338 ecclefia
2168 1308 2253 1353 per
2285 1308 2363 1339 me

430 1375 553 1425 iuste
575 1383 983 1426 manuteneantur
1049 1378 1210 1434 Quare
1241 1377 1382 1440 super
1403 1394 1561 1427 meam
1584 1379 1847 1441 plenariam
1869 1380 2208 1429 forisfacturam
2231 1385 2362 1431 vobis

429 1470 659 1530 prohibeo
859 1470 919 1516 de
941 1468 1079 1516 nobis
1101 1467 1265 1516 finatis
1297 1469 1496 1517 vlterius
1529 1486 1615 1532 pro
1649 1472 1848 1532 penuria
1880 1472 1995 1518 reffl
2027 1487 2112 1533 pro
2145 1474 2363 1534 predictis

429 1561 794 1608 rectitudinibus
817 1560 1076 1623 clamorem
1098 1561 1261 1608 audire
1327 1557 1546 1608 Testibus
1569 1569 1661 1608 ‘’cc0.

432 1742 579 1790 Carta
603 1742 844 1791 Willelmi
869 1743 1016 1806 Regis
1040 1713 1255 1792 Henrico
1280 1741 1434 1790 Baldo
1458 1742 1686 1790 confecta.

432 1911 731 1974 Willelmus
762 1926 840 1974 dei
861 1927 1016 1989 gratia
1038 1925 1148 1973 Rex
1172 1925 1449 1973 Scottorum
1483 1925 1703 1972 omnibus
1736 1925 1894 1986 probis
1923 1924 2193 1973 hominibus
2216 1928 2362 1974 totius

430 2026 558 2066 terre
582 2017 664 2065 sue
687 2017 872 2066 clericis
896 2023 947 2065 et
970 2017 1102 2065 laicis
1125 2015 1330 2065 salutem
1381 2015 1547 2064 Sciant
1569 2014 1810 2077 presentes
1834 2021 1884 2062 et
1906 2016 2056 2062 futuri
2090 2032 2168 2063 me
2192 2016 2363 2064 dediffe

430 2116 480 2158 et
504 2106 773 2158 conceffiffe
796 2115 848 2157 et
870 2108 959 2156 hac
994 2114 1127 2156 carta
1148 2124 1258 2155 mea
1286 2105 1578 2155 confirmasse
1613 2105 1826 2153 Henrico
1850 2105 2003 2153 Baldo
2033 2113 2210 2154 terram
2231 2108 2362 2155 illam

428 2204 479 2248 in
502 2202 653 2264 burgo
676 2216 785 2248 meo
809 2201 869 2247 de
891 2206 1000 2262 pert
1034 2214 1178 2262 quam
1200 2197 1233 2246 J
1235 2199 1410 2246 acobus
1443 2197 1569 2244 filius
1605 2196 1812 2244 Simonis
1836 2203 1887 2244 et
1911 2197 1990 2244 alii
2025 2196 2247 2259 prepositi
2269 2200 2362 2246 mei

430 2295 489 2340 de
505 2298 614 2355 pert
632 2293 676 2340 ei
693 2308 779 2354 per
795 2297 1078 2354 preceptum
1096 2305 1260 2338 meum
1278 2290 1578 2337 tradiderunt
1595 2287 1728 2335 illam
1744 2285 1922 2335 scilicet
1940 2303 2033 2349 que
2051 2287 2189 2335 estin
2207 2290 2364 2346 fronte

429 2386 522 2433 vici
544 2384 673 2431 illius
696 2384 778 2445 qui
812 2384 970 2431 tendit
995 2383 1054 2430 de
1090 2379 1288 2430 ecclefia
1323 2379 1487 2429 saneti
1509 2378 1543 2426 J
1545 2378 1743 2426 ohannis
1777 2378 1982 2440 baptiste
2015 2378 2165 2440 usque
2188 2366 2247 2426 ad
2271 2379 2364 2427 cas-

427 2476 602 2524 tellum
627 2476 687 2523 de
711 2475 862 2522 Perth
885 2490 947 2522 ex
970 2473 1192 2522 orientali
1214 2477 1352 2536 parte
1375 2475 1543 2519 contra
1577 2470 1773 2517 domum
1805 2469 2004 2517 Andree
2034 2470 2120 2516 filii
2158 2470 2363 2518 Simonis

428 2568 642 2616 Tenend.
666 2565 753 2614 fibi
777 2572 828 2615 et
849 2566 1106 2614 heredibus
1123 2563 1216 2613 suis
1240 2565 1300 2612 de
1322 2578 1402 2611 me
1425 2568 1477 2610 et
1498 2561 1755 2608 heredibus
1777 2561 1896 2608 meis
1918 2561 1970 2607 in
1994 2561 2132 2609 feodo
2157 2567 2207 2608 et
2229 2562 2363 2608 here-

429 2661 582 2707 ditate
615 2658 767 2706 libere
802 2663 852 2705 et
883 2658 1047 2719 quiete
1081 2656 1295 2719 plenarie
1319 2660 1370 2703 et
1392 2652 1651 2701 honorifice
1686 2651 1950 2699 Reddendo
1983 2653 2095 2699 inde
2118 2654 2363 2699 annuatim

430 2763 618 2796 camere
644 2763 752 2795 mee
784 2761 932 2794 unam
949 2746 1133 2794 ‘libram
1162 2745 1338 2807 piperis
1365 2745 1426 2792 ad
1460 2741 1634 2792 festum
1668 2742 1830 2790 Sancti
1862 2742 2115 2790 Michaelis
2148 2740 2361 2789 Testibus

430 2839 642 2902 Hugone
666 2837 964 2886 Gancellario
993 2852 1103 2884 meo
1127 2836 1350 2898 Philippo
1374 2836 1434 2883 de
1459 2834 1652 2883 Volone
1687 2833 1942 2881 camerario
1965 2848 2079 2880 meo>
2098 2831 2360 2879 Malcolmo

430 2930 530 2977 filio
554 2929 746 2977 comitis
777 2920 1003 2977 Duncani
1034 2927 1289 2975 Willelmo
1321 2927 1381 2974 de
1414 2926 1542 2974 Haia
1568 2924 1849 2973 Alexandro
1872 2924 2149 2971 vicecomite
2171 2937 2277 2969 meo
2301 2923 2360 2969 de

432 3019 666 3069 Striuelin
689 3019 879 3083 Rogero
904 3019 964 3068 de
986 3025 1179 3067 mortuo
1202 3018 1322 3067 mari
1345 3017 1569 3080 Philippo
1593 3016 1652 3064 de
1676 3015 1882 3076 Lundyn
1948 3013 2094 3074 Apud
2123 3012 2237 3060 Pert
2260 3013 2358 3059 xiiii

434 3114 510 3160 die
533 3111 727 3174 Aprilis.
