3002 4030
263 939 368 983 198.

270 2663 373 2709 199.

427 541 539 573 nne.
555 541 656 575 JAc.
674 542 705 572 1.
959 529 1006 574 S.
1043 528 1435 579 TRINITATIS
1471 531 1563 578 DE
1599 532 1790 580 SCON.
2249 538 2334 584 161

415 746 702 808 Preceptum
714 747 745 793 J
749 747 884 794 acobi
898 747 1044 810 Regis
1059 750 1117 795 de
1131 747 1347 797 secundis
1360 752 1554 799 decimis
1568 753 1805 800 lucrorum
1815 755 1874 800 de
1882 755 2048 801 wardis
2064 762 2113 801 et
2126 756 2309 803 releviis
2325 783 2335 794 ·

415 912 640 975 Jacobus
675 929 752 975 dei
785 930 943 991 gracia
978 928 1087 975 Rex
1119 928 1373 976 Scotorum
1395 929 1663 979 Justiciario
1695 949 1755 980 ex
1778 940 1913 995 parte
1935 936 2112 983 boreali
2135 951 2256 997 aque
2279 939 2338 984 de

414 1018 557 1065 fforth
580 1035 635 1065 ac
659 1021 928 1066 vicecomiti
953 1025 1003 1066 et
1026 1020 1215 1066 balliuis
1238 1019 1331 1067 suis
1354 1022 1413 1067 de
1437 1022 1585 1068 Perth
1605 1025 1685 1084 qui
1708 1041 1791 1085 pro
1815 1031 2029 1087 tempore
2053 1027 2229 1073 fuerint
2254 1027 2338 1074 Sa-

415 1110 568 1156 lutem
593 1136 603 1147 ·
623 1110 750 1166 Quia
766 1110 935 1156 rotulis
954 1118 1283 1171 compotorum
1306 1110 1570 1158 nostrorum
1594 1114 1653 1159 de
1675 1115 1899 1161 mandato
1924 1120 2010 1161 nro
2030 1114 2135 1162 visis
2159 1123 2208 1163 et
2233 1118 2336 1164 dili-

413 1206 584 1262 genter
605 1198 826 1262 inspe&is
849 1201 985 1246 nobis
1009 1198 1192 1247 constat
1211 1201 1268 1247 ad
1293 1201 1440 1262 pleni-1
1464 1216 1498 1263 q
1519 1200 1720 1263 religiosi
1746 1205 1831 1249 viri
1855 1204 2022 1252 Abbas
2046 1211 2096 1252 et
2114 1206 2335 1254 Conuen-

414 1299 492 1354 tus
515 1289 786 1352 monasterij
812 1293 871 1338 (10
891 1291 1048 1338 Scona
1064 1293 1358 1352 temporibus
1381 1294 1587 1353 antiquis
1610 1295 1853 1340 retroaffis
1872 1295 2066 1342 fuerunt
2088 1304 2122 1341 ’ἴε
2145 1295 2255 1343 sunt
2277 1298 2336 1343 de

414 1381 521 1443 pfiti
544 1383 594 1428 in
617 1380 890 1444 possessione
913 1382 1110 1444 pacifica
1132 1383 1388 1444 percipie‘di
1411 1381 1638 1429 secundas
1670 1384 1875 1430 decimas
1898 1384 2134 1431 lucrorum
2156 1392 2255 1432 tam
2277 1387 2336 1433 de

416 1473 676 1520 Itineribus
715 1472 747 1519 J
751 1470 1095 1520 usticiariorum
1132 1476 1164 1536 q
1198 1474 1375 1533 exitibq,
1411 1474 1645 1520 curiarum
1681 1475 2014 1520 vicecomitum
2054 1491 2238 1522 necnon
2278 1476 2336 1523 de

417 1565 585 1611 wardis
619 1571 670 1611 et
702 1565 896 1611 releuiis
927 1565 1051 1611 infra
1074 1565 1411 1611 vicecomitatu
1446 1564 1505 1610 de
1542 1563 1690 1610 Perth
1713 1565 1849 1610 nobis
1881 1566 2176 1627 contingent·³
2201 1565 2336 1614 distis

414 1652 640 1718 religiosis
663 1656 775 1701 viris
798 1657 848 1701 in
872 1671 1040 1717 puram
1062 1663 1095 1701 *t
1118 1661 1346 1716 ppetuam
1370 1652 1627 1701 elemosina
1648 1670 1733 1715 per
1758 1653 2067 1702 antecessores
2100 1660 2211 1703 nfos
2245 1657 2338 1703 col-

416 1746 537 1793 latas
561 1745 716 1793 Vobis
739 1747 1027 1808 precipimus
1049 1754 1081 1791 ”c
1105 1746 1386 1792 mandamus
1410 1743 1547 1805 quats
1571 1746 1716 1792 difflaas
1749 1744 1976 1792 secundas
2009 1747 2213 1793 decimas
2235 1762 2338 1808 pre-

416 1838 551 1883 distis
573 1835 802 1900 religiosis
825 1838 937 1883 viris
960 1838 1178 1884 afiuatim
1202 1835 1406 1898 persolui
1430 1837 1613 1883 faciatis
1647 1842 1866 1898 prompte
1899 1844 1932 1882 *t
1965 1834 2089 1898 absq3
2122 1837 2339 1884 dilac‘ffine

417 1927 496 1975 Ita
516 1944 550 1990 q
565 1929 616 1973 in
635 1926 788 1974 vestro
814 1929 1003 1975 defectu
1020 1926 1191 1974 iustam
1210 1928 1562 1988 querimoniam¹
1578 1928 1636 1974 de
1660 1907 1776 1974 cePo
1794 1943 1890 1973 non
1907 1928 2151 1974 audiamus
2174 1929 2355 1990 recipi-¹

416 2024 553 2065 entes
571 2018 666 2065 lfas
683 2017 789 2066 suas
809 2019 1046 2079 quitantie
1065 2018 1123 2064 de
1142 2017 1447 2065 solucffinibus
1471 2018 1652 2064 distarfi
1671 2018 1860 2065 decIarfi
1884 2021 2050 2065 afluati
2074 2023 2125 2064 vt
2147 2020 2340 2080 premit-

416 2107 499 2156 titZ
523 2108 678 2156 facied
700 2125 816 2171 quas
839 2111 890 2156 in
908 2106 1074 2156 vestris
1093 2110 1325 2170 compotis
1343 2109 1594 2155 reddendis
1619 2109 1845 2156 faciemus
1869 2107 2052 2169 plenius
2069 2109 2258 2156 allocari
2281 2108 2340 2154 In

418 2202 551 2247 cuius
574 2202 643 2248 rei
666 2198 893 2247 testionifi
916 2200 1001 2247 has
1023 2200 1119 2247 lfas
1137 2205 1248 2247 nias
1266 2199 1351 2246 sub
1369 2215 1541 2262 magno
1565 2196 1714 2261 sigillo
1737 2204 1824 2246 11ῗο
1847 2199 1947 2246 fieri
1970 2200 2139 2246 fecim9
2160 2198 2303 2260 patefi
2328 2215 2338 2245 :

416 2292 544 2353 apud
568 2290 719 2339 Perth
742 2316 752 2341 ·v
777 2298 945 2352 quarto
969 2292 1046 2338 die
1068 2289 1241 2338 mensis
1269 2290 1389 2338 Maii
1413 2290 1557 2336 Anno
1581 2291 1714 2352 regni
1736 2287 1881 2336 nostri
1904 2286 2120 2336 vicesimo
2142 2288 2274 2336 sexto
2297 2315 2307 2325 ·

423 2473 712 2535 Preceptum
735 2473 767 2520 J
770 2474 907 2520 acobi
931 2473 1078 2536 Regis
1103 2473 1162 2520 de
1185 2471 1402 2519 secundis
1427 2472 1622 2519 decimis
1650 2472 1709 2518 de
1732 2471 1861 2517 Rath
1885 2476 1935 2519 et
1958 2469 2251 2531 Kynfawnys
2276 2496 2286 2506 ·

420 2639 467 2703 J
469 2655 644 2702 acobus
668 2655 745 2702 dei
769 2655 938 2702 Gratia
964 2654 1074 2701 Rex
1107 2653 1359 2702 Scotorum
1383 2653 1651 2700 vicecomiti
1685 2658 1736 2699 et
1768 2651 1953 2698 ballivis
1985 2649 2078 2697 suis
2111 2652 2170 2697 de
2194 2650 2339 2696 Perth

421 2746 639 2794 Salutem
663 2747 774 2806 quia
796 2761 881 2807 per
902 2745 1089 2793 litteras
1111 2745 1362 2792 recolende
1395 2745 1624 2790 memorie
1658 2743 1837 2789 domini
1871 2741 2107 2802 quondam
2142 2739 2338 2786 Roberti

419 2835 612 2884 secundi
636 2835 782 2898 Regis
807 2836 1060 2883 Scotorum
1090 2833 1284 2883 illustris
1318 2836 1393 2882 avi
1427 2840 1477 2880 et
1511 2831 1842 2895 predecessoris
1872 2828 2017 2877 nostri
2050 2828 2134 2876 sub
2166 2844 2338 2892 magno

423 2924 573 2990 sigillo
598 2925 680 2972 suo
706 2928 978 2974 vicecomiti
1001 2933 1051 2973 et
1073 2926 1261 2973 ballivis
1284 2925 1377 2971 suis
1401 2925 1459 2971 de
1484 2924 1631 2970 Perth
1650 2923 1730 2983 qui
1747 2928 1863 2968 tunc
1881 2921 2066 2967 fuerant
2085 2916 2337 2966 destinatas

422 3018 557 3064 nobis
581 3023 631 3064 et
654 3015 811 3063 nostro
836 3014 1028 3063 consilio
1050 3015 1162 3063 satis
1185 3014 1369 3063 constat
1393 3015 1518 3076 quod
1541 3009 1742 3075 religiosi
1766 3012 1853 3057 viri
1876 3009 2041 3056 Abbas
2064 3014 2114 3056 et
2136 3023 2338 3056 conven-

421 3115 499 3154 tus
521 3105 790 3168 monasterij
817 3108 876 3153 de
901 3107 1058 3154 Scona
1081 3123 1109 3154 a
1131 3107 1284 3169 longis
1307 3105 1550 3152 retroactis
1573 3102 1863 3163 temporibus
1886 3098 2111 3146 secundas
2135 3098 2337 3145 decimas

420 3202 479 3246 de
501 3199 649 3246 firmis
673 3206 906 3245 terrarum
931 3199 990 3245 de
1016 3198 1146 3246 Rath
1170 3204 1220 3244 et
1246 3199 1305 3244 de
1330 3197 1605 3258 kynfawnys
1623 3194 1745 3240 infra
1761 3191 1953 3238 balliam
1971 3187 2172 3236 vestram
2195 3189 2339 3236 etiam

420 3306 476 3337 eo
500 3296 718 3351 tempore
742 3305 836 3350 quo
862 3290 986 3335 diae
1009 3295 1136 3335 terre
1167 3289 1226 3335 ad
1256 3289 1440 3334 firmam
1474 3284 1721 3331 bladorum
1754 3279 1873 3329 sicut
1908 3296 1964 3327 eo
1999 3286 2211 3340 tempore
2245 3294 2351 3363 quo,

1368 3390 1404 3422 x
