3002 4030
681 512 772 556 130
1355 506 1563 553 LIBER
1598 506 1924 555 ECCLESIE
2370 525 2469 558 sno.
2496 526 2602 559 xlv.

678 729 966 791 Preeeptum
992 728 1210 775 Wilelmi
1236 726 1453 789 Episcopi
1480 727 1641 774 Sanffl
1667 727 1864 775 Andree
1888 729 1948 775 de
1971 728 2169 778 ecclesia
2191 731 2252 779 de
2275 732 2391 780 Blar

532 907 636 954 174·
682 895 956 958 Wilelmus
982 906 1283 955 miseratione
1317 907 1477 954 divina
1511 905 1769 969 Episcopus
1804 908 2144 958 Sanfflandree
2171 920 2404 974 perpetuo
2428 916 2603 962 vicario

677 1002 736 1049 de
757 1002 897 1063 perth
920 1001 1099 1047 decano
1122 996 1280 1045 nostro
1304 995 1659 1047 christianitatis
1683 1002 1742 1048 de
1766 1001 1943 1065 Gowry
1962 1003 2181 1051 Salutem
2203 1006 2252 1050 in
2271 1005 2463 1051 domino
2479 1005 2605 1061 Quia

677 1089 937 1140 Ecclesiam
971 1091 1031 1137 de
1065 1089 1209 1136 Blare
1242 1089 1302 1135 ad
1335 1087 1650 1150 provisionem
1679 1098 1730 1139 et
1753 1093 2059 1141 collationem
2093 1092 2299 1143 nostram
2334 1111 2466 1143 mero
2492 1098 2602 1158 jure

675 1184 997 1244 pertinentem
1030 1179 1136 1242 post
1169 1178 1421 1227 cessionem
1458 1184 1534 1230 vel
1571 1182 1806 1233 decessum
1841 1188 2020 1235 domini
2043 1188 2277 1235 Johannis
2302 1187 2440 1250 Lyell
2475 1203 2603 1235 nunc

675 1274 870 1323 re&oris
904 1271 1114 1336 ejusdem
1147 1270 1376 1335 religiosis
1411 1275 1524 1320 viris
1548 1274 1732 1322 Abbati
1757 1277 1816 1324 de
1841 1277 1999 1326 Scona
2021 1284 2072 1325 et
2096 1278 2369 1326 Conventui
2393 1278 2602 1341 ejusdem

676 1366 893 1413 dedimus
927 1370 978 1412 et
1012 1362 1322 1412 concessimus
1355 1381 1411 1412 ac
1445 1367 1656 1413 caritatis
1691 1369 1872 1416 intuitu
1911 1386 1997 1432 per
2034 1370 2277 1433 presentes
2317 1372 2604 1418 conferimus

674 1462 785 1527 ipsis
808 1462 1034 1527 religiosis
1056 1467 1106 1511 in
1128 1466 1340 1526 proprios
1363 1464 1473 1511 usus
1496 1467 1727 1527 perpetuo
1745 1460 2117 1510 transferendam
2136 1460 2348 1527 ipsosque
2371 1479 2457 1526 per
2474 1467 2603 1513 anuli

675 1553 819 1602 nostri
854 1555 1160 1602 traditionem
1195 1556 1351 1602 eidem
1375 1555 1558 1603 Abbati
1590 1556 1762 1602 fastam
1796 1552 2149 1615 presencialiter
2181 1554 2508 1604 investivimus
2543 1559 2603 1605 de

676 1647 842 1694 eadem
880 1646 1034 1693 Vobis
1079 1647 1128 1692 in
1175 1647 1356 1692 virtute
1397 1647 1670 1694 obedientie
1705 1647 2010 1708 precipiendo
2049 1647 2329 1695 mandamus
2369 1655 2605 1709 quatenus

675 1737 912 1799 prefatum
936 1737 1181 1783 dominum
1215 1735 1462 1784 Abbatem
1493 1753 1578 1798 per
1609 1736 1658 1784 se
1687 1737 1763 1783 vel
1798 1743 2153 1798 procuratorem
2176 1737 2313 1786 suum
2336 1742 2530 1788 1101111116
2555 1750 2604 1788 et

675 1845 735 1875 ex
770 1833 906 1889 parte
940 1825 1022 1874 sua
1044 1833 1095 1875 et
1119 1828 1351 1874 di&orum
1374 1826 1699 1891 religiosorum
1720 1830 1771 1874 in
1796 1829 1968 1876 dietam
1993 1826 2238 1877 ecclesiam
2261 1828 2522 1878 instituatis
2550 1848 2604 1879 ac

676 1922 725 1966 in
749 1919 1040 1980 corporalem
1071 1915 1395 1980 possessionem
1419 1919 1630 1980 ejusdem
1667 1935 1778 1966 cum
1814 1920 2035 1967 omnibus
2068 1919 2162 1967 suis
2187 1921 2378 1982 juribus
2418 1928 2469 1969 et
2503 1939 2607 1984 per-

675 2011 892 2058 tinentiis
931 2010 1168 2057 inducatis
1252 2009 1332 2057 Ita
1371 2012 1498 2071 quod
1539 2011 1742 2058 cedente
1777 2010 1854 2058 vel
1895 2012 2158 2058 decedente
2191 2014 2378 2073 prefato
2413 2014 2606 2061 domino

674 2102 705 2149 J
708 2103 895 2150 ohanne
916 2102 1088 2163 prefati
1111 2099 1314 2164 religiosi
1339 2103 1513 2149 (11613111
1532 2099 1778 2149 ecclesiam
1802 2103 2010 2150 habeant
2028 2109 2078 2149 et
2095 2104 2347 2151 obtineant
2363 2104 2607 2169 ipsamque

676 2209 783 2241 cum
808 2194 1027 2240 omnibus
1058 2190 1152 2239 suis
1178 2193 1367 2253 juribus
1391 2199 1441 2240 et
1464 2194 1768 2255 pertinentiis
1791 2194 1841 2239 in
1864 2195 2076 2255 proprios
2099 2192 2210 2241 usus
2232 2201 2288 2241 ut
2311 2197 2608 2256 premittitur

675 2286 837 2346 quiete
854 2290 1086 2345 perpetuo
1110 2280 1374 2344 poffideant
1396 2283 1540 2345 pleno
1554 2284 1666 2344 jure
1706 2283 1766 2330 In
1789 2281 1974 2346 signum
1995 2283 2263 2347 hujusmodi
2288 2285 2602 2335 institutionis

676 2375 947 2436 traditeque
981 2390 1067 2435 per
1097 2389 1180 2421 vos
1211 2371 1498 2435 posseffionis
1528 2372 1638 2436 ipsis
1670 2374 1897 2438 religiosis
1921 2375 2145 2438 Sigillum
2169 2377 2307 2439 officij
2332 2377 2475 2425 vestri
2498 2395 2603 2441 pre·

675 2466 887 2513 sentibus
911 2467 1159 2528 apponatis
1187 2482 1336 2528 penes
1358 2465 1599 2529 religiosos
1622 2468 1746 2513 viros
1769 2472 2002 2528 perpetuo
2024 2466 2310 2515 remansuris
2382 2468 2443 2515 In
2470 2471 2604 2532 cujus

675 2559 743 2604 rei
766 2555 1091 2604 testimonium
1114 2558 1198 2604 has
1222 2557 1407 2604 litteras
1429 2555 1611 2605 nostras
1634 2556 1786 2620 sigillo
1809 2554 1967 2604 nostro
1990 2554 2196 2620 signatas
2213 2560 2347 2606 vobis
2363 2561 2603 2608 mittimus

674 2654 896 2710 patentes
953 2647 1137 2696 Datum
1160 2649 1287 2710 apud
1313 2647 1542 2697 sancitum
1565 2649 1789 2696 andream
1813 2650 1898 2711 xij⁰
1921 2650 1998 2696 die
2019 2647 2193 2697 mensis
2215 2651 2438 2714 februarij
2457 2651 2604 2699 Anno

675 2740 854 2786 domini
877 2741 940 2788 (0⁰
962 2742 1062 2787 ccc⁰
1084 2737 1471 2803 quinquagesimo
1493 2737 1628 2786 sexto

676 2917 921 2967 Conceflio
952 2919 1189 2967 Wilielmi
1214 2918 1435 2982 Episcopi
1458 2920 1620 2968 Sanffi
1645 2921 1843 2969 Andree
1866 2919 2064 2971 ecclefie
2090 2923 2372 2984 parochialis
2396 2925 2456 2972 de
2479 2924 2595 2973 Blar

530 3104 635 3150 175.
684 3088 945 3151 Univerfis
974 3101 1133 3150 13ῃᾶ6
1163 3104 1330 3150 matris
1354 3100 1551 3150 ecclesie
1581 3103 1691 3150 filiis
1725 3101 1968 3165 presentes
1998 3103 2161 3151 literas
2184 3102 2348 3151 visuris
2372 3106 2450 3152 vel
2473 3107 2605 3153 audi-

679 3195 798 3241 turis
817 3193 1095 3241 Willelmus
1119 3194 1179 3241 de
1198 3193 1478 3241 Laundellis
1499 3192 1803 3241 miseratione
1821 3195 1982 3242 divina
2003 3193 2326 3243 sanaiandree
2343 3194 2602 3266 Episcopus

679 3292 894 3333 eternam
926 3286 975 3331 in
1007 3285 1200 3331 domino
1230 3283 1434 3332 salutem
1466 3284 1714 3333 Noveritis
1748 3286 1874 3347 quod
1908 3300 1995 3334 nos
2025 3302 2111 3349 pro
2142 3286 2409 3334 devotionis
2431 3286 2601 3334 affeetu
