3002 4030
452 537 733 570 REG.JAC.1·.
1002 522 1049 567 S.
1085 521 1478 568 TRINITATIS
1514 522 1604 567 DE
1641 521 1832 569 SCON.
2297 530 2389 575 177

452 655 605 699 dfflms
628 658 905 713 procurator
926 650 1085 698 noster
1113 653 1188 698 vel
1212 654 1272 699 ab
1303 669 1359 698 eo
1387 651 1668 699 substitutus
1690 654 1883 698 nomine
1906 650 2064 697 nostro
2087 654 2135 698 in
2159 652 2384 713 premiffis

453 745 645 790 duxerit
664 743 935 789 faciendum
952 743 1289 803 permittentes
1307 741 1496 803 insuper
1513 755 1568 790 ut
1591 745 1828 804 predi&us
1852 742 1998 805 Hugo
2015 744 2208 789 nomine
2226 743 2400 798 nostro,

450 842 506 881 ut
523 840 803 896 procurator
819 849 903 894 pro
921 833 1059 878 nobis
1083 838 1133 878 et
1156 831 1440 878 monasterio
1458 832 1615 879 nostro
1639 835 1726 880 hac
1742 831 1937 879 instanti
1955 834 2031 879 die
2054 836 2219 879 martis
2233 833 2379 893 Apud

451 924 683 973 Sanetum
708 924 955 971 Andream
979 938 1089 969 oum
1113 924 1284 968 ceteris
1308 924 1367 969 de
1391 923 1516 969 clero
1541 923 1702 970 Sanffl
1727 923 1922 970 Andree
1945 920 2084 984 poffit
2108 939 2377 984 comparere

450 1018 659 1063 fafiturus
696 1016 873 1062 ibidem
908 1014 1133 1074 quioquid
1168 1014 1405 1073 predissws
1440 1014 1656 1059 dominus
1695 1013 1932 1060 Henrious
1966 1015 2131 1060 Abbas
2154 1011 2309 1060 noster
2342 1012 2375 1058 fi

448 1105 639 1168 presens
663 1104 778 1152 effet
810 1120 920 1151 eum
936 1105 1116 1150 'ceteris
1139 1103 1332 1164 prelatis
1366 1101 1480 1149 effet
1503 1105 1709 1150 fafflmrus
1743 1129 1753 1139 ·
1788 1111 1837 1149 et
1861 1120 1944 1164 pro
1968 1105 2135 1150 eodem
2159 1120 2376 1164 procura-

447 1206 551 1245 tore
574 1197 733 1244 nostro
757 1203 807 1243 et
830 1212 915 1257 pro
949 1193 1205 1241 substituto
1230 1195 1305 1240 vel
1330 1193 1595 1241 substitutis
1619 1196 1678 1240 ab
1701 1194 1798 1255 ipso
1833 1194 1917 1240 sub
1952 1196 2185 1255 ypotheca
2214 1211 2369 1241 rerum

448 1270 714 1336 nostrarum
744 1288 1009 1334 iudicatum
1032 1284 1149 1331 solvi
1172 1286 1494 1346 promittimus
1520 1311 1530 1321 ·
1556 1285 1681 1344 quod
1716 1285 1907 1344 quidem
1932 1286 2150 1331 omnibus
2173 1300 2371 1344 quorum

446 1377 645 1426 interest
666 1385 834 1426 tenore
857 1375 1145 1439 presentium
1171 1373 1486 1437 significamus
1510 1400 1520 1410 ·
1544 1374 1603 1419 In
1628 1375 1761 1434 cujus
1786 1374 1876 1419 Rei
1899 1382 1958 1420 *tc
1984 1401 1993 1410 ·
