3002 4030
558 1905 665 1946 212.

713 498 804 548 176
1388 496 1595 543 LIBER
1631 496 1956 544 ECCLESIE
2427 513 2526 546 sne.
2547 513 2631 545 xv.

709 629 930 674 omnibus
953 634 1004 674 et
1027 642 1111 688 per
1132 628 1294 673 omnia
1316 623 1434 673 ficut
1461 626 1622 686 aliqua
1654 624 1912 674 elemofina
1944 628 2068 675 infra
2101 628 2323 691 Regnum
2360 629 2528 677 Scocie
2550 645 2634 690 per

709 718 917 779 aliquem
956 719 1183 766 baronem
1222 715 1431 778 ejusdem
1477 716 1756 763 conceditur
1793 714 1890 764 five
1930 718 2072 764 datur
2111 718 2271 766 Etiam
2316 721 2443 767 inter
2486 721 2635 766 dietos

710 810 925 856 dominos
948 808 1191 855 Abbatem
1216 813 1267 853 et
1290 813 1580 853 conventum
1603 813 1654 853 et
1679 807 1917 867 prefatum
1951 808 2197 856 dominum
2229 808 2262 855 J
2265 810 2501 857 ohannem
2525 825 2636 856 con-

710 900 957 947 cordatum
991 896 1062 945 est
1094 899 1220 958 quod
1255 898 1415 944 omnia
1447 898 1748 944 munimenta
1781 904 1832 944 et
1866 898 2111 946 evidencie
2146 900 2272 946 inter
2299 900 2506 961 prefatos
2529 901 2636 946 reli-

709 989 861 1052 giosos
895 991 1019 1035 viros
1053 995 1103 1035 et
1138 986 1318 1036 dictum
1353 988 1593 1048 quondam
1627 994 1813 1050 patrem
1847 987 1984 1035 suum
2016 988 2156 1050 super
2188 990 2547 1037 continuatione
2587 997 2635 1036 et

709 1078 1050 1127 sustentatione
1077 1079 1190 1125 (11ἃί
1224 1078 1372 1125 divini
1395 1076 1570 1125 servitii
1594 1080 1723 1140 prius
1746 1078 1870 1125 fafita
1902 1076 2033 1125 illesa
2067 1086 2118 1125 et
2151 1080 2338 1142 integra
2359 1086 2637 1127 remaneant

709 1186 793 1232 pro
827 1176 1058 1231 perpetuo
1094 1171 1145 1216 in
1168 1168 1250 1216 suo
1283 1170 1452 1216 robore
1484 1170 1712 1217 duratura
1745 1195 1755 1205 ·
1789 1168 1847 1215 In
1882 1170 2017 1230 cujus
2050 1170 2119 1216 rei
2153 1167 2479 1217 testimonium
2513 1172 2636 1231 parti

708 1262 850 1322 hujus
895 1260 1161 1308 Indenture
1206 1275 1352 1322 penes
1391 1260 1600 1321 prefatos
1646 1257 1887 1322 religiosos
1932 1261 2057 1307 viros
2102 1262 2369 1307 remanenti
2415 1260 2636 1323 Sigillum

711 1353 822 1398 dieti
859 1352 1039 1398 domini
1072 1350 1307 1399 Johannis
1335 1349 1406 1398 est
1441 1350 1700 1412 appensum
1734 1350 1896 1399 Alteri
1920 1366 2031 1398 vero
2065 1353 2189 1412 parti
2222 1366 2369 1413 penes
2403 1351 2637 1412 prefatum

710 1444 955 1489 dominum
978 1441 1010 1488 J
1013 1442 1250 1489 ohannem
1283 1443 1550 1489 remanenti
1586 1441 1810 1504 Sigillum
1845 1442 2114 1489 Commune
2146 1443 2379 1489 di&orum
2404 1439 2639 1504 religioso-

711 1549 816 1580 rum
841 1535 1047 1579 virorum
1071 1531 1141 1579 est
1163 1531 1421 1594 appensum
1447 1532 1594 1579 Anno
1618 1533 1695 1579 die
1718 1532 1879 1580 mense
1902 1540 1953 1579 et
1978 1534 2082 1580 loco
2105 1531 2374 1594 prescriptis
2396 1559 2407 1569 ·
2509 1527 2529 1533 ”’

714 1716 899 1762 Littera
922 1716 1244 1775 procuratoria
1267 1713 1465 1775 Hugoni
1490 1716 1717 1760 canonico
1742 1741 1752 1750 ·

719 1881 981 1946 Univerfis
1003 1894 1161 1943 sanae
1184 1896 1350 1942 matris
1373 1892 1569 1942 ecclefie
1593 1895 1703 1941 filiis
1724 1896 1784 1942 ad
1816 1910 1934 1956 quos
1956 1895 2198 1957 presentes
2221 1897 2383 1944 littere
2416 1913 2644 1959 pervene-

713 1989 809 2034 rint
834 1987 1074 2034 Henricus
1096 1983 1398 2033 miseratione
1429 1986 1591 2032 divina
1614 1985 1780 2032 Abbas
1814 1987 1874 2032 de
1910 1987 2069 2033 Scona
2101 1994 2151 2034 et
2185 1987 2394 2049 ejusdem
2418 1988 2510 2036 loci
2533 2006 2643 2036 con·

712 2087 884 2126 ventus
907 2085 1123 2125 eternam
1154 2078 1205 2123 in
1233 2078 1425 2123 domino
1450 2076 1668 2124 Salutem
1692 2101 1702 2112 ·
1727 2076 1787 2122 In
1821 2078 2043 2124 omnibus
2077 2075 2228 2125 causis
2261 2093 2347 2125 nos
2381 2086 2432 2126 et
2462 2079 2644 2127 monas-

711 2172 886 2216 terium
917 2168 1131 2215 nostrum
1170 2168 1581 2228 qualitercumque
1620 2168 1929 2229 tangentibus
1971 2170 2114 2215 motis
2152 2168 2233 2216 seu
2272 2171 2521 2217 movendis
2559 2187 2643 2232 pro

712 2262 848 2307 nobis
882 2259 965 2307 seu
999 2265 1166 2307 contra
1199 2274 1285 2305 nos
1304 2273 1320 2306 l
1342 2265 1510 2306 contra
1543 2257 1864 2319 quoscumque
1900 2258 1976 2305 vel
2011 2275 2040 2306 a
2073 2258 2428 2321 quibuscunque
2447 2275 2463 2307 s
2485 2277 2643 2309 coram

714 2348 1086 2410 quibuscumque
1124 2348 1157 2395 J
1159 2349 1378 2395 udicibus
1417 2348 1664 2396 ordinariis
1703 2374 1714 2385 ·
1751 2350 1983 2412 delegatis
2018 2348 2337 2412 subdelegatis
2375 2350 2643 2400 comiffariis

713 2441 794 2488 seu
834 2441 1022 2488 arbitris
1061 2438 1420 2500 quibuscunque
1460 2440 1628 2486 diebus
1668 2446 1719 2486 et
1759 2440 1875 2486 locis
1914 2465 1924 2476 ·
1966 2439 2226 2502 Hugonem
2271 2443 2643 2489 concanonicum

714 2529 926 2578 nostrum
949 2530 1267 2576 exhibitorem
1290 2529 1579 2591 presentium
1605 2536 1958 2591 procuratorem
1993 2529 2205 2578 nostrum
2241 2533 2438 2579 facimus
2461 2540 2511 2579 et
2535 2549 2645 2580 con-

716 2620 955 2668 stituimus
989 2636 1074 2682 per
1107 2618 1350 2681 presentes
1375 2647 1385 2657 ·
1411 2620 1581 2667 dantes
1615 2621 1773 2667 eidem
1807 2618 2095 2682 potestatem
2130 2629 2180 2668 et
2215 2621 2417 2684 speciale
2451 2624 2645 2670 manda-

716 2720 821 2760 tum
846 2738 857 2749 ·
880 2711 1051 2774 agendi
1086 2726 1171 2773 pro
1205 2710 1343 2757 nobis
1365 2708 1543 2770 nosque
1566 2711 1852 2758 defendendi
1877 2712 2162 2772 expediendi
2186 2713 2445 2774 replicandi
2468 2739 2479 2750 ·
2502 2712 2646 2761 testes

717 2812 767 2851 et
795 2806 1072 2865 ¹juramenta
1104 2802 1396 2864 producendi
1436 2807 1487 2847 et
1526 2801 1785 2863 replicandi
1825 2829 1835 2839 -
1878 2801 2015 2848 litem
2051 2801 2346 2850 contestandi
2382 2805 2431 2850 in
2466 2806 2646 2852 animas

719 2893 898 2942 nostras
931 2894 1118 2941 iurandi
1158 2894 1217 2939 de
1256 2893 1528 2954 calumpnia
1566 2899 1616 2938 et
1657 2893 1858 2939 veritate
1898 2892 2098 2939 dicenda
2135 2919 2147 2930 ·
2183 2893 2412 2954 expensas
2450 2894 2645 2956 petendi

719 2986 903 3033 iurandi
927 2991 978 3031 et
997 2983 1312 3045 Recipiendix'
1337 2983 1484 3030 alium
1507 2988 1859 3044 procuratorem
1880 2982 1983 3029 loco
2001 2980 2071 3029 sui
2089 2981 2404 3030 substituendi
2428 2986 2647 3045 quotiens

720 3074 806 3122 fibi
825 3075 975 3122 visum
998 3076 1144 3122 fuerit
1167 3074 1454 3136 expediendi
1472 3081 1523 3120 et
1540 3074 1701 3119 omnia
1723 3072 1816 3120 alia
1838 3079 1888 3119 et
1912 3071 2095 3135 singula
2117 3074 2321 3120 faciendi
2345 3075 2395 3120 111
2417 3072 2646 3135 premiffis

722 3174 772 3214 et
795 3168 919 3213 circa
941 3162 1157 3227 premissa
1179 3180 1273 3225 que
1296 3179 1435 3211 verus
1452 3169 1503 3210 et
1521 3163 1765 3226 legitimus
1788 3170 2064 3224 procurator
2087 3164 2242 3211 facere
2264 3163 2420 3226 potest
2442 3171 2493 3211 et
2515 3180 2647 3212 man-

725 3258 890 3303 datum
908 3254 1109 3317 speciale
1133 3256 1382 3315 requirunt
1406 3254 1584 3302 Ratum
1605 3260 1654 3300 et
1673 3254 1861 3300 firmum
1881 3254 2112 3301 habentes
2130 3261 2179 3301 et
2198 3255 2402 3301 habituri
2428 3256 2650 3315 quicquid
