2982 4016
420 578 539 612 REG.
563 576 713 611 ALEx.
740 576 816 608 111.
976 562 1025 609 S.
1061 561 1459 610 TRINITATIS
1495 562 1587 609 DE
1624 562 1818 610 SCON.
2301 568 2360 611 85

419 696 480 742 de
503 700 664 742 cetero
688 700 850 741 amoto
875 695 1085 741 dominio
1109 701 1159 742 et
1182 693 1422 757 potestate
1455 696 1506 741 in
1530 710 1611 742 eos
1634 692 1862 742 transsato
1887 711 1947 741 ex
1972 710 2100 741 nunc
2127 696 2289 755 quiete
2313 702 2363 742 et

415 785 615 847 pacifice
655 783 933 847 poflidenda
1017 785 1178 847 Siquis
1220 791 1384 833 autem
1425 787 1485 834 de
1523 802 1700 850 genere
1739 802 1848 833 meo
1890 793 2057 834 contra
2095 784 2365 849 hujusmodi

418 878 550 938 piam
574 882 625 924 et
648 876 834 924 licitam
858 877 1168 924 donationem
1191 892 1349 924 meam
1383 879 1718 938 quoquomodo
1742 879 1905 925 venire
1929 875 2265 939 presumpserit
2289 877 2367 924 vel

418 969 657 1029 predifims
680 969 805 1015 viros
828 966 911 1015 seu
933 966 1273 1016 monasterium
1297 967 1437 1030 super
1457 969 1683 1030 predifibis
1706 969 1973 1016 turbaverit
1996 967 2080 1016 seu
2103 969 2368 1031 impetierit

421 1058 805 1108 maledifflonem
839 1061 1185 1122 omnipotentis
1220 1060 1297 1106 dei
1331 1061 1543 1107 incurrat
1578 1066 1628 1106 et
1667 1075 1841 1121 penam
1883 1060 2016 1122 dupli
2056 1060 2228 1107 valoris
2262 1075 2368 1122 pre-

422 1151 537 1197 dicssti
574 1151 698 1212 juris
738 1156 1019 1212 patronatus
1060 1151 1217 1198 eidem
1255 1148 1540 1198 monasterio
1581 1149 1765 1198 soluere
1805 1157 2030 1198 teneatur
2068 1152 2128 1199 ab
2174 1167 2231 1198 eo
2267 1148 2368 1198 fine

425 1240 701 1290 misericord
719 1260 747 1290 a
770 1243 1062 1305 exigendum
1085 1258 1275 1290 necnon
1310 1243 1517 1303 dampna
1540 1248 1590 1289 et
1615 1241 1847 1304 expensas
1871 1259 1987 1303 quas
2010 1244 2139 1290 idem
2162 1241 2367 1306 religiofi

421 1335 512 1381 viri
536 1340 587 1381 et
609 1332 949 1381 monasterium
972 1334 1173 1380 fecerint
1195 1332 1280 1380 seu
1302 1330 1613 1380 sustinuerint
1648 1338 1874 1380 teneatur
1909 1334 2123 1394 plenarie
2146 1332 2369 1381 resarcire

422 1426 648 1488 prediffis
683 1427 943 1473 donatione
974 1423 1055 1472 seu
1090 1425 1428 1472 donationibus
1462 1423 1801 1471 nichilominus
1829 1425 1880 1470 in
1914 1423 1997 1471 suo
2030 1425 2199 1472 robore
2233 1427 2371 1473 dura-

423 1519 544 1565 turis
589 1517 651 1564 In
696 1518 833 1579 cujus
879 1518 948 1563 rei
999 1514 1328 1563 testimonium
1373 1521 1424 1562 et
1471 1516 1813 1562 certitudinem
1871 1516 2136 1577 pleniorem
2181 1515 2372 1578 presens

424 1608 674 1670 publicum
692 1606 1066 1655 instrumentum
1089 1606 1229 1669 super
1244 1606 1517 1669 hujusmodi
1541 1607 1880 1654 donationibus
1903 1623 1990 1670 per
2012 1623 2182 1656 manus
2201 1608 2373 1656 Berar-

426 1700 475 1746 di
499 1700 559 1747 de
583 1697 728 1747 carfio
753 1700 927 1746 notarii
962 1697 1250 1760 infrascripti
1281 1699 1456 1746 exinde
1480 1699 1583 1745 fieri
1606 1699 1699 1745 feci
1732 1704 1782 1745 et
1805 1695 1946 1761 figilli
1968 1701 2064 1746 mei
2088 1697 2373 1762 appensione

425 1792 603 1838 muniri
625 1790 809 1838 Attum
844 1791 972 1852 apud
1005 1791 1175 1837 urbem
1211 1796 1427 1837 veterem
1459 1791 1511 1836 in
1541 1789 1744 1837 Camera
1777 1790 1861 1836 ubi
1896 1795 2013 1837 tunc
2047 1789 2375 1853 hospitabatur

428 1884 583 1932 dietus
606 1883 638 1930 J
641 1884 853 1931 ohannes
875 1881 1175 1945 presentibus
1198 1883 1346 1929 fratre
1368 1883 1562 1929 henrico
1594 1881 1721 1927 (11ἃο
1745 1880 1889 1928 Ghild
1912 1883 2140 1929 canonico
2164 1880 2375 1943 ejusdem

428 1973 703 2023 monasterii
726 1974 952 2038 magistro
977 1974 1215 2021 Roderico
1250 1975 1558 2035 procuratore
1591 1971 1735 2019 lucefi
1759 1972 1826 2019 Et
1849 1971 2074 2036 magistro
2095 1974 2290 2021 henrico
2314 1973 2374 2019 de

428 2067 746 2129 nothingham
781 2066 1010 2113 canonico
1045 2063 1284 2112 cathanefi
1318 2064 1530 2111 Berardo
1572 2065 1632 2111 de
1672 2065 1870 2112 civitate
1908 2064 2102 2126 penneii
2141 2067 2327 2112 notario
2362 2094 2371 2102 -

431 2159 625 2205 domino
650 2157 856 2205 Ricardo
881 2158 940 2204 de
963 2155 1124 2204 samito
1149 2156 1321 2219 Egidio
1345 2157 1521 2203 vicario
1546 2152 1742 2203 ecclesie
1767 2156 1827 2202 de
1856 2156 2130 2204 Mediltoun
2158 2156 2377 2203 lincolni-

433 2247 556 2297 enfis
591 2247 787 2296 diocefis
834 2249 1050 2295 Roberto
1097 2249 1157 2294 de
1203 2247 1420 2294 Eboraco
1466 2247 1639 2294 clerico
1679 2246 1711 2294 J
1714 2248 1902 2294 ohanne
1943 2248 2004 2295 de
2039 2245 2378 2295 Westwardon

433 2340 636 2390 testibus
660 2341 726 2388 Et
761 2357 849 2404 ego
883 2340 1122 2387 Berardus
1144 2339 1272 2386 filius
1310 2339 1420 2386 boni
1453 2339 1660 2385 hominis
1696 2339 1757 2386 de
1792 2336 1952 2386 Carfio
1985 2338 2206 2401 publicus
2229 2340 2379 2400 impe-

433 2434 540 2481 riali
564 2434 848 2481 au&oritate
871 2432 1085 2478 notarius
1109 2431 1170 2477 ad
1192 2431 1405 2492 predi&ta
1429 2445 1539 2477 cum
1562 2430 1788 2492 prediffis
1811 2436 2008 2477 vocatus
2030 2430 2227 2477 interfui
2251 2436 2301 2477 et
2324 2445 2382 2477 ea

435 2517 597 2573 omnia
631 2525 691 2571 de
724 2523 952 2570 mandato
987 2519 1132 2584 ipfius
1166 2522 1198 2569 J
1202 2523 1401 2569 ohannis
1429 2518 1589 2583 scripfi
1622 2523 1674 2569 in
1706 2522 1950 2584 publicam
1981 2522 2184 2569 formam
2218 2522 2380 2584 redegi

436 2632 642 2678 meoque
664 2613 796 2678 figno
820 2613 1000 2677 {ignavi
1036 2613 1253 2676 Rogatus
1339 2613 1480 2660 Nulli
1515 2629 1628 2676 ergo
1663 2614 1860 2660 omnino
1882 2613 2065 2660 homini
2088 2613 2232 2661 liceat
2255 2614 2380 2661 hanc

437 2709 662 2772 paginam
685 2705 844 2754 nostre
868 2705 1243 2753 confirmationis
1273 2705 1533 2767 infringere
1556 2704 1635 2752 vel
1659 2706 1705 2751 ei
1728 2703 1843 2752 ausu
1866 2706 2121 2751 temerario
2146 2706 2380 2752 contraire

442 2798 603 2859 Siquis
626 2803 791 2845 autem
813 2796 904 2843 hoc
927 2801 1218 2858 attemptare
1251 2793 1588 2858 presumpserit
1622 2797 2003 2859 indignationem
2037 2796 2380 2857 omnipotentis

443 2890 522 2949 dei
546 2895 596 2936 et
618 2890 871 2936 beatorum
893 2888 1018 2950 petri
1053 2893 1103 2934 et
1136 2888 1267 2950 pauli
1283 2911 1287 2914 ⁴
1301 2885 1620 2950 apostolorum
1655 2889 1756 2949 ejus
1778 2886 1827 2934 se
1860 2888 2048 2934 noverit
2081 2884 2380 2935 incursurum

444 2980 632 3029 Datum
671 2980 798 3042 apud
837 2979 1005 3026 urbem
1046 2985 1261 3027 veterem
1306 2978 1404 3026 11οἤ
1444 2977 1653 3042 Augusti
1697 2979 2004 3041 pontificatus
2049 2975 2194 3025 nostri
2234 2977 2380 3025 Anno

444 3087 613 3134 pr1mo.
