2982 4016
513 1094 574 1134 88

522 3187 581 3230 89

601 504 659 550 56
1271 491 1477 542 LIBER
1513 485 1842 536 ECCLESIE
2276 500 2376 535 SEC.
2403 500 2519 533 x111.

602 634 802 695 septimo
863 628 1079 678 Testibus
1102 628 1293 675 domino
1306 620 1493 678 COalifio
1508 620 1699 668 comite
1722 619 1783 666 de
1807 617 2080 666 Stratherin
2095 617 2311 667 Roberto
2335 620 2395 667 de
2411 619 2528 666 Ber-

603 724 735 786 celay
758 729 809 771 et
831 722 934 770 aliis
957 720 1133 767 multis.

606 908 748 954 Carta
772 902 959 951 Ricardi
983 902 1043 948 de
1070 896 1339 961 Leycestria
1364 892 1609 958 burgensis
1639 894 1699 941 de
1723 892 1872 942 Perth
1896 892 1956 940 de
1978 893 2128 943 botha
2149 894 2200 941 in
2224 893 2387 941 Perth.

608 1072 857 1136 Omnibus
879 1082 1032 1131 sancte
1066 1081 1231 1128 matris
1263 1075 1458 1126 ecclesie
1480 1076 1590 1123 filiis
1624 1074 1813 1138 presens
1847 1074 2075 1138 scriptum
2097 1074 2264 1124 visuris
2287 1076 2365 1124 vel
2400 1077 2533 1124 audi-

605 1179 721 1226 turis
740 1175 970 1222 Ricardus
993 1173 1052 1220 de
1068 1168 1339 1234 Leycestria
1360 1164 1604 1231 burgenfis
1627 1166 1688 1213 de
1706 1165 1855 1214 Perth
1878 1173 2097 1216 eternam
2119 1168 2170 1215 in
2194 1168 2387 1215 domino
2409 1166 2533 1215 salu-

603 1277 701 1315 tem
770 1265 974 1312 Noverit
997 1259 1276 1310 universitas
1294 1258 1448 1307 vestra
1468 1274 1549 1305 me
1566 1273 1651 1319 pro
1669 1256 1822 1306 salute
1844 1260 2005 1308 anime
2021 1274 2131 1308 mee
2149 1257 2324 1307 dedisse
2347 1266 2397 1307 et
2421 1274 2534 1307 6011-

604 1357 776 1407 ceffiffe
813 1364 863 1405 et
897 1358 986 1404 hac
1026 1352 1229 1418 presenti
1266 1359 1396 1400 carta
1431 1366 1539 1398 mea
1578 1349 1870 1398 confirmasse
1894 1350 2002 1399 Deo
2036 1358 2088 1399 et
2121 1352 2263 1399 beate
2288 1352 2447 1400 Marie
2481 1357 2533 1398 et

604 1448 799 1499 ecclesie
832 1449 961 1496 beati
982 1445 1234 1501 michaelis
1265 1445 1325 1492 de
1349 1443 1506 1491 Scona
1527 1446 1578 1489 et
1605 1442 1846 1490 canonicis
1880 1442 2061 1490 ibidem
2085 1442 2194 1491 Deo
2217 1442 2535 1492 servientibus

605 1551 654 1590 et
671 1541 910 1590 servituris
933 1553 1077 1586 unam
1100 1538 1294 1585 hotham
1319 1537 1367 1583 in
1391 1534 1504 1582 villa
1521 1534 1581 1581 de
1605 1533 1754 1581 Perth
1772 1533 1905 1582 illam
1921 1533 2103 1583 scilicet
2126 1551 2269 1597 quam
2293 1537 2534 1598 quondam

606 1635 697 1682 emi
722 1634 781 1679 de
805 1630 986 1694 Kymf'n
1011 1630 1071 1676 de
1094 1629 1251 1676 Scona
1272 1643 1366 1689 que
1388 1625 1569 1674 seilicet
1593 1623 1682 1673 fita
1704 1623 1774 1672 est.
1796 1627 1847 1673 in
1869 1626 2047 1690 angulo
2070 1629 2382 1691 contingente
2404 1643 2534 1691 mag-

604 1740 713 1772 nam
747 1724 872 1770 viam
907 1721 1230 1782 aquilonarem
1266 1720 1326 1766 de
1361 1718 1510 1766 Perth
1548 1722 1599 1765 et
1633 1718 1761 1764 viam
1796 1731 1891 1778 que
1930 1717 1992 1766 de
2027 1733 2087 1766 ea
2121 1719 2341 1781 procedit
2374 1718 2533 1766 versus

604 1811 846 1862 eeclefiam
870 1812 1031 1860 811ηᾶ1
1055 1811 1087 1858 J
1090 1812 1288 1859 ohannis
1322 1807 1525 1872 baptiste
1557 1810 1608 1856 in
1642 1808 1929 1857 occidentali
1962 1815 2101 1872 parte
2168 1810 2448 1859 Tenendam
2483 1820 2534 1858 et

605 1905 867 1953 habendam
886 1900 971 1950 fibi
994 1904 1043 1950 in
1058 1909 1342 1965 perpetuum
1362 1901 1510 1949 libere
1528 1906 1579 1948 et
1596 1901 1760 1962 quiete
1774 1901 2066 1949 inveniendo
2082 1902 2195 1950 inde
2214 1903 2275 1950 ad
2295 1902 2626 1971 luminare-„N

606 1998 767 2045 altaris
800 1996 941 2042 beate
965 1993 1123 2041 Marie
1145 1995 1196 2040 in
1219 1991 1417 2041 ecclesia
1438 1993 1600 2041 8611ἃί
1624 1990 1656 2039 J
1659 1992 1860 2039 ohannis
1894 1993 1956 2040 de
1979 1992 2129 2041 Perth
2152 2009 2305 2041 unum
2328 1993 2538 2042 Cereum

606 2093 889 2150 perpetuum
929 2087 997 2133 ita
1030 2086 1396 2133 convenientem
1431 2090 1482 2132 et
1519 2082 1849 2131 honorabilem
1883 2081 2006 2132 ficut
2038 2084 2169 2134 idem
2198 2085 2434 2134 Ricardus
2458 2086 2535 2134 vel

608 2179 776 2239 aliquis
798 2175 1041 2240 burgenfis
1064 2178 1213 2224 totius
1236 2176 1351 2224 ville
1374 2176 1434 2223 de
1458 2175 1607 2224 Perth
1630 2174 1841 2236 aliquem
1864 2174 2072 2223 Cereum
2095 2177 2157 2224 ad
2180 2177 2360 2225 dietum
2395 2177 2539 2225 lumi·

608 2285 720 2317 nare
743 2270 989 2316 decentius
1012 2274 1063 2316 et
1084 2268 1405 2316 honorabilius
1428 2268 1613 2315 invenit
1630 2266 1708 2315 vel
1731 2267 1948 2316 invenire
1965 2266 2212 2316 consuevit
2234 2269 2361 2330 quod
2379 2268 2538 2332 super-

610 2361 754 2408 fuerit
777 2360 836 2407 de
857 2360 993 2407 firma
1016 2361 1139 2407 dicte
1172 2360 1323 2408 bothe
1342 2357 1439 2408 five
1471 2360 1625 2422 majus
1647 2357 1745 2407 five
1778 2360 1940 2407 minus
1974 2360 2278 2422 expendatur
2310 2361 2361 2408 in
2396 2360 2537 2409 lumi-

610 2453 710 2499 nari
733 2450 894 2498 altaris
927 2451 1066 2498 beate
1095 2451 1252 2498 Marie
1285 2452 1334 2498 in
1366 2449 1564 2500 eeclesia
1599 2450 1659 2498 de
1694 2449 1854 2498 Seona
1927 2449 2040 2499 Hiis
2074 2449 2275 2499 testibus
2305 2451 2537 2516 magistro

613 2543 823 2589 Roberto
846 2542 905 2588 de
930 2539 1170 2604 Laycestir
1191 2541 1539 2605 consanguineo
1561 2557 1672 2590 meo
1695 2542 1889 2590 domino
1912 2541 2062 2592 Helia
2083 2543 2264 2592 decano
2287 2551 2339 2593 et
2362 2546 2537 2594 vicario

611 2641 726 2680 tunc
765 2634 991 2694 temporis
1031 2633 1090 2679 de
1131 2632 1277 2680 Perth
1315 2633 1528 2682 Henrico
1567 2633 1667 2684 filio
1703 2633 1911 2682 Galfridi
1946 2634 2189 2689 michaele
2227 2635 2328 2683 filio
2365 2635 2538 2684 Serlon

613 2723 862 2770 Willelmo
887 2724 946 2770 de
964 2722 1140 2771 Dunde
1161 2722 1193 2771 J
1196 2724 1383 2772 ohanne
1404 2725 1502 2772 filio
1526 2725 1661 2773 Lene
1681 2724 1907 2774 Johanne
1929 2724 2101 2788 Cokyn
2125 2725 2286 2774 Alano
2311 2727 2536 2776 Redberd

611 2815 819 2876 Symone
834 2815 894 2862 de
909 2813 1038 2862 Kref
1047 2814 1301 2877 Radulpho
1315 2816 1486 2864 clerico
1500 2822 1617 2864 tunc
1631 2817 1915 2865 vicecomite
1930 2817 1990 2865 de
2004 2816 2154 2865 Perth
2169 2823 2220 2866 et
2234 2818 2401 2867 multis
2418 2820 2536 2869 aliis.

612 2998 755 3044 Carta
779 2997 968 3044 Ricardi
988 2997 1047 3044 de
1071 2995 1312 3060 Laycestir
1335 2999 1394 3045 de
1418 3004 1544 3048 terra
1565 3002 1615 3048 in
1639 3000 1802 3050 Perth.

617 3162 867 3225 Omnibus
889 3178 978 3226 hoc
998 3177 1224 3242 scriptum
1259 3179 1424 3230 visuris
1447 3183 1524 3230 vel
1547 3183 1781 3231 audituris
1805 3182 2039 3232 Ricardus
2069 3184 2130 3232 de
2161 3182 2407 3246 Laycestir
2428 3187 2539 3233 bur·

614 3266 766 3331 geniis
799 3270 858 3315 de
883 3268 1029 3316 Perth
1095 3271 1312 3319 Salutem
1369 3272 1543 3321 Sciatis
1576 3288 1656 3322 me
1689 3271 1864 3323 dedifl'e
1897 3272 2166 3323 conceffifl'e
2199 3281 2251 3323 et
2283 3275 2373 3323 hac
2408 3284 2538 3326 carta

616 3375 722 3406 mea
743 3358 1031 3408 confirmasse
1053 3360 1248 3411 ecclefie
1269 3361 1428 3412 sanae
1450 3365 1680 3413 trinitatis
1703 3371 1755 3414 et
1775 3363 1922 3414 fimffl
1945 3365 2199 3420 michaelis
2223 3367 2283 3414 de
2307 3366 2466 3416 Scona
2488 3376 2538 3416 et
