2982 4016
656 466 772 511 xxiv
1450 458 1751 507 TABULA.

667 598 741 647 67.
777 595 924 643 Carta
947 594 1213 641 Alexandri
1237 591 1383 654 Regis
1406 592 1466 637 de
1489 591 1628 637 terris
1656 590 1716 636 de
1750 603 1925 651 magna
1958 588 2081 637 Blar.
2107 596 2158 636 et
2192 590 2252 637 de
2286 604 2433 651 parva

778 685 894 732 Blar
916 685 966 731 in
990 684 1292 731 excambium
1316 682 1499 728 decime
1522 680 1657 741 panis
1681 685 1732 726 et
1754 679 2094 726 reaitudinum
2113 680 2328 735 aliarum,
2430 695 2474 741 p.
2504 683 2564 725 42

667 779 742 824 68.
778 775 1089 823 Confirmatio
1111 772 1377 820 Alexandri
1402 770 1549 833 Regis
1572 770 1633 816 de
1654 784 1753 816 uno
1775 769 1900 816 tofto
1923 770 2051 830 apud
2074 768 2294 824 Sconam,

667 868 741 916 69.
779 865 925 913 Carta
946 863 1214 911 Alexandri
1238 861 1385 924 Regis
1408 861 1468 907 de
1492 867 1619 907 terra
1642 861 1702 907 de
1726 859 1861 914 Clen,

669 962 746 1008 70.
783 956 929 1003 Carta
951 954 1217 1003 Alexandri
1242 953 1390 1016 Regis
1414 953 1474 999 de
1496 951 1808 1013 pmteffione,

669 1052 742 1098 71.
778 1046 923 1093 Carta
944 1044 1210 1092 Alexandri
1235 1043 1383 1106 Regis
1406 1043 1466 1089 de
1489 1048 1692 1103 utraque
1723 1041 1867 1088 Blare
1902 1041 1952 1087 in
1976 1041 2226 1088 excambio
2250 1041 2435 1088 decime

778 1137 927 1198 panis,

668 1231 741 1276 7⁶2.
778 1226 1088 1273 Confirmatio
1103 1224 1370 1271 Alexandri
1389 1223 1536 1285 Regis
1554 1222 1826 1268 donationis
1843 1219 2041 1269 ecclefie
2056 1222 2116 1268 de
2131 1221 2467 1284 Rogortewyn,

668 1322 743 1369 73.
779 1317 925 1364 Carta
947 1316 1214 1363 Alexandri
1238 1315 1384 1377 Regis
1408 1314 1467 1360 de
1491 1313 1799 1374 proteffione,

668 1411 743 1459 74.
779 1407 924 1454 Carta
937 1406 1203 1453 Alexandri
1219 1405 1365 1467 Regis
1381 1405 1440 1450 de
1456 1403 1638 1450 duabus
1653 1404 1772 1450 acris
1787 1408 1915 1463 terre
1929 1403 1980 1450 in
1994 1404 2235 1451 territorio
2250 1404 2309 1451 de
2325 1403 2467 1459 Scon,

670 1504 744 1550 75.
781 1498 926 1545 Carta
947 1497 1214 1544 Alexandri
1238 1495 1385 1558 Regis
1409 1495 1468 1540 de
1492 1494 1714 1540 dominiis
1737 1493 1798 1540 de
1822 1491 1953 1540 Rath
1976 1499 2027 1541 et
2050 1492 2359 1556 Kynfawnes,

670 1592 744 1640 76.
780 1589 925 1636 Carta
946 1588 1213 1635 Alexandri
1238 1586 1384 1648 Regis
1408 1586 1467 1631 de
1490 1599 1686 1631 nemore
1710 1582 1968 1646 Kelcamsy
1989 1586 2040 1632 in
2063 1583 2304 1639 forestum,

671 1685 744 1730 77.
781 1679 1089 1725 Confirmatio
1113 1676 1381 1723 Alexandri
1405 1675 1553 1737 Regis
1577 1675 1637 1722 de
1664 1672 2012 1723 sustentatione
2034 1676 2238 1723 duorum
2277 1692 2436 1725 cereo-

779 1785 885 1816 rum
907 1771 958 1815 in
981 1766 1188 1822 ecclesia,
2044 1803 2054 1813 .

669 1865 742 1912 78.
778 1860 1087 1907 Confirmatio
1110 1858 1379 1905 Alexandri
1403 1857 1551 1920 Regis
1578 1854 1887 1904 conceffionis
1922 1857 2134 1905 Walteri
2166 1857 2253 1905 filii
2271 1858 2436 1906 'Alani

781 1952 840 1998 de
863 1957 991 1997 terra
1014 1965 1156 2010 quam
1181 1949 1381 1996 Swanus
1405 1948 1532 1995 filius
1554 1947 1699 1994 Thori
1721 1948 1851 2004 fecit,

670 2045 744 2093 79.
779 2041 1090 2088 Confirmatio
1115 2039 1291 2103 Rogeri
1315 2040 1375 2086 de
1400 2038 1576 2095 Quinci
1601 2038 1806 2086 Comitis
1833 2039 1894 2086 de
1918 2038 2141 2100 Wynton
2164 2039 2436 2087 donationis

782 2130 1020 2178 Willelmi
1044 2131 1104 2177 de
1128 2130 1246 2185 Len,

667 2226 744 2268 80.
780 2221 1090 2268 Confirmatio
1114 2220 1289 2283 Rogeri
1321 2221 1382 2267 de
1405 2220 1582 2276 Quinci
1616 2221 1805 2268 comitis
1828 2219 2085 2268 Wintonie
2107 2221 2168 2269 de
2190 2227 2319 2270 terra
2340 2237 2433 2283 que

782 2313 875 2358 fuit
899 2311 1138 2358 Willelmi
1162 2312 1221 2358 de
1246 2311 1364 2366 Len,

670 2407 745 2448 81.
783 2402 1094 2449 Confirmatio
1130 2401 1396 2449 Alexandri
1435 2402 1582 2465 Regis
1623 2402 1892 2452 donationis
1937 2403 2115 2467 Rogeri
2159 2405 2222 2452 de
2258 2404 2434 2460 Quinci

781 2493 969 2539 comitis
993 2491 1248 2539 Wintonie
1271 2500 1350 2539 '²tc‘

669 2587 745 2629 8⁶2.
782 2582 927 2629 Carta
943 2582 1232 2629 venditionis
1250 2582 1342 2629 loci
1359 2583 1471 2629 tofti
1495 2585 1714 2631 inundati
1736 2599 1823 2646 per
1845 2584 2124 2633 violentiam
2140 2585 2351 2632 fluminis
2374 2586 2435 2632 de

781 2673 926 2734 They,
2041 2711 2053 2722 .

668 2768 744 2811 83.
781 2761 1070 2825 Compofitio
1094 2764 1153 2810 de
1175 2765 1375 2811 minutis
1398 2765 1593 2812 decimis
1617 2766 1678 2812 de
1700 2765 1954 2828 Benchory
1976 2772 2027 2813 et
2050 2766 2111 2813 de
2133 2765 2413 2868 Kynclatin,

668 2858 744 2899 84.
781 2853 1001 2901 Libertas
1024 2850 1236 2901 concefl'a
1258 2853 1368 2900 Ade
1390 2854 1487 2900 filio
1512 2853 1695 2902 Odonis
1716 2863 1796 2903 'tc
1867 2855 1995 2921 Oony.
2259 2893 2269 2903 .

674 2948 749 2991 85.
786 2940 1032 2990 Promiffio
1056 2944 1307 2991 Malcolmi
1332 2944 1535 2992 Comitis
1558 2946 1619 2992 de
1643 2945 1727 2993 Fif
1743 2947 1804 2994 de
1825 2946 2048 3009 piscariis.
2119 2947 2248 3013 Oriy.

670 3035 746 3081 86.
782 3033 928 3080 Carta
950 3033 1150 3081 Henrici
1174 3034 1315 3081 Baldi
1339 3034 1479 3097 super
1501 3036 1687 3083 duabus
1709 3037 1870 3083 bothis
1893 3043 1945 3084 et
1968 3036 2136 3085 solario
2157 3039 2208 3085 in
2233 3037 2396 3093 perth,

670 3127 746 3173 87.
782 3122 927 3169 Carta
943 3122 1157 3171 Orabille
1174 3123 1271 3186 Say
1285 3125 1344 3171 de
1362 3126 1620 3174 donatione
1635 3125 1786 3174 suain
1803 3128 2045 3175 territorio
2062 3129 2124 3176 de
2137 3127 2432 3191 Kyntulach,

2503 773 2563 815 43

2504 864 2564 907 43

2504 954 2565 997 43

2507 1135 2567 1177 44

2505 1226 2570 1268 44

2506 1317 2568 1359 45

2505 1408 2566 1451 45

2505 1496 2567 1542 46

2506 1588 2567 1633 46

2504 1772 2567 1819 47

2506 1953 2567 2001 47

2410 2160 2412 2162 »
2506 2134 2565 2177 48

2503 2317 2563 2363 49

2503 2499 2565 2541 50

2506 2680 2562 2723 51

2505 2771 2566 2814 52

2506 2863 2566 2905 53

2504 2952 2568 2995 54

2503 3042 2565 3084 54

2502 3134 2563 3176 55

671 3216 747 3259 88.
783 3211 928 3260 Carta
941 3213 1131 3261 Ricardi
1148 3215 1207 3261 de
1224 3213 1496 3276 Leycestria
1508 3213 1754 3279 burgenfis
1768 3217 1828 3264 de
1843 3215 1993 3265 Perth
2012 3218 2072 3266 de
2086 3219 2235 3266 botba
2247 3219 2296 3265 in
2313 3218 2475 3274 Perth,
2501 3220 2562 3265 56
