2982 4016
562 1374 613 1419 71

574 2643 631 2689 72

656 521 716 562 44
1333 508 1539 556 LIBER
1575 504 1904 554 ECCLESIE
2338 519 2439 552 sne.
2466 519 2581 552 xm.

652 647 858 693 tectione
881 641 1036 691 nostra
1058 639 1177 690 iuste
1200 636 1442 701 suscepisse
1466 664 1476 674 ·
1500 637 1661 693 Quare
1684 636 1992 698 prohibemus
2015 636 2217 684 firmiter
2240 661 2250 672 ·
2276 636 2358 684 Ne
2381 639 2488 699 quis
2516 637 2586 683 eis

652 737 871 783 iniuriam
900 734 978 782 uel
1014 730 1276 781 molestiam
1316 735 1400 777 aut
1439 742 1698 791 grauamen
1739 726 1931 788 aliquod
1966 742 2000 787 p
2032 732 2210 781 terram
2243 727 2325 776 uel
2358 743 2392 789 p
2414 743 2586 789 aquam

654 825 825 873 iniuste
857 825 1030 872 inferre
1063 821 1305 885 presumat
1328 845 1338 856 ·
1369 818 1456 879 sup
1489 815 1697 865 nostram
1732 817 1997 879 plenariam
2032 815 2383 867 forissaeturam
2402 845 2412 855 .
2435 817 2552 866 Test
2576 845 2586 853 .

655 915 781 963 Wifl
803 942 813 953 ·
838 917 898 963 de
921 911 1076 962 Bosch
1100 938 1110 948 ·
1134 908 1336 959 Cancefl
1358 934 1369 945 ·
1394 907 1522 954 Wifl
1539 907 1715 955 Cumifr
1732 933 1743 943 ·
1761 906 1923 954 Comit
1947 907 2008 955 de
2026 906 2168 955 Buch
2193 934 2204 945 ·
2221 908 2252 956 J
2256 908 2377 957 ustie
2400 935 2412 945 ·
2436 908 2552 957 Scof
2577 936 2587 944 ·

654 1007 799 1068 Apud
836 1005 1001 1053 Forfar
1024 1030 1033 1040 ·
1058 1003 1227 1049 vltimo
1251 1001 1329 1047 die
1354 998 1565 1047 Nouebn
1588 1024 1599 1035 ·

654 1188 797 1235 Carta
819 1186 1082 1233 Alexandri
1109 1183 1256 1247 Regis
1279 1183 1339 1230 de
1362 1188 1566 1243 utraque
1589 1180 1734 1228 Blare
1757 1181 1808 1227 in
1832 1181 2082 1229 excambio
2106 1182 2292 1230 decime
2314 1185 2462 1244 panis.

656 1351 955 1418 Alexander
974 1367 1066 1414 Dei
1084 1367 1237 1430 gratia
1255 1365 1362 1412 Rex
1382 1364 1662 1412 Scottorum
1715 1362 1955 1411 Omnibus
1972 1364 2134 1426 probis
2149 1364 2423 1412 hominibus
2441 1367 2592 1413 totius

654 1468 780 1509 terre
802 1458 884 1507 sue
905 1458 1109 1507 salutem
1178 1457 1345 1505 Sciant
1367 1454 1612 1518 presentes
1635 1460 1687 1502 et
1709 1454 1860 1502 futuri
1883 1455 2013 1517 quod
2031 1461 2183 1504 terras
2202 1456 2262 1503 de
2280 1471 2455 1519 magna
2477 1456 2593 1505 Blar

656 1560 705 1600 et
730 1552 789 1598 de
812 1566 956 1612 parva
979 1550 1094 1598 Blar
1127 1564 1242 1610 quas
1266 1548 1507 1595 canonicis
1541 1547 1602 1594 de
1627 1545 1786 1594 Scona
1808 1546 2103 1595 contulimus
2130 1562 2216 1609 pro
2249 1548 2435 1595 decima
2457 1549 2593 1609 panis

655 1650 705 1688 et
729 1641 1115 1688 Reffltudinibus
1138 1654 1254 1701 quas
1278 1639 1521 1701 percipere
1545 1636 1897 1686 consueverunt
1920 1640 2171 1686 annuatim
2196 1639 2257 1686 de
2280 1640 2413 1687 curia
2435 1637 2594 1687 nostra

655 1739 705 1778 et
731 1732 916 1794 Regine
948 1729 1113 1792 sponse
1141 1728 1300 1778 nostre
1337 1744 1425 1777 nos
1452 1736 1503 1777 et
1529 1729 1730 1777 heredes
1758 1727 1905 1776 nostri
1936 1728 2114 1778 eisdem
2150 1732 2392 1779 canonicis
2426 1739 2596 1779 contra

655 1837 819 1869 omnes
842 1822 1059 1868 homines
1075 1822 1127 1868 in
1144 1827 1432 1883 perpetuum
1450 1821 1865 1869 warantizabimus
1881 1827 1933 1870 et
1951 1823 2001 1869 in
2018 1821 2162 1870 huius
2180 1823 2248 1870 rei
2267 1821 2595 1870 testimonium

655 1915 777 1961 hanc
800 1920 979 1961 cartam
998 1910 1207 1960 nostram
1226 1913 1362 1960 diffie
1381 1913 1622 1960 canonicis
1639 1912 1742 1959 fieri
1759 1912 1961 1960 fecimus
2007 1910 2228 1961 Testibus
2244 1913 2596 1961 venerabilibus

655 2004 868 2065 patribus
906 2005 954 2050 in
995 2000 1182 2051 Christo
1207 2003 1289 2051 W.
1315 2010 1367 2051 et
1404 2003 1459 2051 C.
1484 2002 1727 2067 Glasgueii
1765 2010 1817 2052 et
1849 2003 2047 2052 Dfiblaii
2087 2003 2205 2067 Epis
2243 2003 2297 2052 P.
2322 2006 2500 2052 comite
2537 2006 2597 2052 de

659 2094 859 2141 Dunbar
888 2093 972 2141 W.
1005 2094 1058 2140 fii
1089 2093 1237 2141 Alani
1269 2093 1412 2142 senes
1417 2096 1444 2142 ὃ
1481 2093 1623 2142 iusti&
1654 2094 1819 2143 Scotie
1852 2095 2077 2147 Waltero
2106 2093 2216 2144 Olif
2245 2093 2385 2143 iusti&
2425 2096 2597 2143 laodofi

662 2183 816 2231 Wi’tlo
835 2185 894 2231 de
910 2183 1093 2232 Lindef
1106 2184 1166 2231 D.
1184 2184 1241 2231 M
1244 2184 1430 2234 ariscafl
1448 2185 1627 2248 Eymer
1643 2186 1704 2234 de
1719 2186 1936 2235 Maxwel
1983 2186 2131 2249 Apud
2152 2185 2427 2247 Trauquere
2445 2188 2598 2248 primo

662 2274 739 2321 die
761 2275 895 2337 Junij
920 2292 1045 2323 anno
1070 2276 1225 2339 Regni
1250 2278 1430 2324 domini
1454 2278 1579 2340 regis
1602 2278 1724 2339 xxj⁰.

665 2456 977 2505 Confirmatio
1001 2458 1268 2506 Alexandri
1294 2459 1442 2521 Regis
1465 2459 1736 2508 donationis
1761 2458 1959 2509 ecclesie
1983 2461 2044 2509 de
2067 2461 2406 2525 Rogortewyn.

666 2624 963 2687 Alexander
986 2639 1079 2688 Dei
1101 2642 1255 2703 gratia
1277 2641 1386 2689 Rex
1411 2641 1666 2691 Scotorum
1698 2643 1921 2691 omnibus
1951 2643 2113 2705 probis
2142 2644 2416 2692 hominibus
2450 2646 2601 2692 totius

666 2738 791 2778 terre
814 2728 896 2778 sue
919 2730 1103 2779 clericis
1126 2738 1177 2779 et
1199 2732 1332 2780 laicis
1354 2732 1559 2780 salutem
1628 2733 1798 2782 Sciant
1820 2732 2065 2796 presentes
2099 2740 2151 2782 et
2184 2735 2335 2783 futuri
2369 2751 2457 2783 nos
2490 2751 2603 2783 con-

666 2818 839 2869 ceffiss'e
873 2827 923 2869 et
957 2828 1087 2870 carta
1117 2821 1275 2871 nostra
1296 2822 1591 2872 confirmasse
1626 2825 1936 2873 donationem
1970 2825 2104 2874 illam
2139 2841 2283 2888 quam
2307 2825 2601 2875 Malcolmus

666 2927 824 2960 comes
864 2913 924 2959 de
959 2912 1057 2975 Fyf
1086 2914 1146 2961 de
1182 2913 1410 2962 consensu
1447 2914 1655 2978 episcopi
1693 2922 1745 2963 et
1776 2915 1975 2979 capituli
2014 2914 2371 2965 Dunkeldenfis
2405 2915 2603 2966 ecclefie

668 3005 782 3051 fecit
806 3002 911 3051 Deo
935 3010 986 3051 et
1008 3002 1204 3053 ecclefie
1228 3003 1387 3054 fauete
1419 3006 1651 3054 trinitatis
1676 3006 1737 3055 de
1761 3006 1890 3055 Scon
1926 3014 1976 3054 et
2010 3009 2250 3056 canonicis
2285 3008 2463 3057 ibidem
2496 3009 2603 3057 Deo

669 3092 979 3141 servientibus
1012 3101 1064 3143 et
1096 3094 1338 3144 servituris
1373 3098 1434 3145 de
1468 3094 1669 3146 ecclesia
1696 3097 1757 3145 de
1780 3096 2119 3161 Rochgortene
2184 3098 2397 3147 Tenend.
2426 3098 2603 3148 eisdem

671 3184 908 3231 canonicis
931 3200 1040 3231 cum
1064 3186 1261 3235 decimis
1288 3188 1429 3235 terris
1464 3193 1516 3236 et
1550 3187 1921 3236 obventionibus
1955 3195 2006 3237 et
2038 3190 2263 3238 omnibus
2285 3189 2391 3238 aliis
2413 3190 2472 3238 ad
2496 3205 2604 3237 eam

673 3270 791 3320 iuste
828 3275 1177 3335 pertinentibus
1214 3279 1263 3325 in
1302 3294 1471 3340 puram
1510 3284 1561 3327 et
1595 3285 1879 3342 perpetuam
1917 3278 2225 3329 elemosinam
2261 3281 2331 3338 ita
2366 3280 2515 3329 libere
2551 3288 2603 3329 et
