2982 4016
509 937 567 983 59

510 2951 568 2994 60

602 538 662 581 38
1278 529 1486 578 LIBER
1520 526 1849 576 ECCLESIE
2288 543 2390 576 sne.
2418 542 2536 575 x111.

600 755 911 804 Confirmatio
934 755 1199 803 Alexandri
1222 754 1347 817 regis
1369 758 1608 800 cartarum
1631 748 1978 799 antecessorum
2000 749 2206 799 suorum.

603 922 898 986 Alexander
919 935 1012 983 Dei
1044 935 1199 998 gratia
1222 933 1330 981 Rex
1366 933 1646 981 Scottorum
1681 933 1904 981 omnibus
1927 931 2105 982 San&e
2138 935 2306 983 matris
2341 932 2539 983 ecclesie

600 1029 819 1076 fidelibus
856 1025 1126 1089 presentem
1166 1031 1349 1073 cartam
1390 1023 1670 1087 inspecturis
1714 1022 1920 1073 salutem
1995 1025 2166 1073 Sciant
2204 1023 2447 1087 presentes
2487 1034 2539 1074 et

599 1121 747 1167 futuri
787 1134 871 1166 nos
911 1113 1173 1165 concessisse
1213 1122 1264 1164 et
1293 1116 1447 1180 Regia
1481 1117 1744 1164 autoritate
1782 1113 2075 1165 confirmasse
2111 1115 2219 1164 Deo
2256 1122 2308 1164 et
2341 1117 2540 1166 ecclesie

599 1212 772 1259 San&e
794 1210 1040 1257 Trinitatis
1064 1209 1124 1255 de
1148 1208 1307 1256 Scona
1329 1214 1380 1255 et
1403 1209 1567 1256 abbati
1591 1214 1643 1255 et
1666 1209 1909 1256 canonicis
1942 1209 2125 1256 ibidem
2149 1208 2256 1257 Deo
2291 1208 2540 1258 servienti-

599 1304 686 1350 bus
708 1310 759 1350 et
780 1302 1021 1349 servituris
1039 1315 1204 1347 omnes
1222 1297 1443 1348 ecclesias
1460 1305 1612 1347 terras
1634 1297 1936 1362 possessiones
1959 1300 2210 1349 libertates
2228 1302 2539 1350 rectitudines

598 1392 961 1442 consuetudines
996 1399 1046 1439 et
1082 1399 1242 1440 cetera
1277 1393 1438 1439 omnia
1472 1407 1565 1453 que
1601 1389 1917 1441 antecessores
1952 1389 2098 1439 nostri
2122 1392 2233 1440 Rex
2256 1392 2540 1442 Alexander

599 1486 706 1533 Rex
742 1485 898 1533 David
931 1484 1041 1532 Rex
1076 1483 1367 1531 Malcolmus
1408 1490 1458 1531 et
1495 1483 1606 1532 Rex
1632 1484 1917 1533 Willelmus
1952 1490 2092 1546 pater
2127 1482 2288 1532 noster
2326 1486 2538 1547 predi&e

597 1576 792 1626 ecclesie
819 1578 1054 1625 dederunt
1078 1583 1128 1624 et
1151 1573 1477 1624 concesserunt
1517 1582 1568 1624 et
1603 1592 1689 1639 per
1729 1583 1884 1625 cartas
1916 1574 2023 1624 suas
2058 1577 2464 1625 confirmaverunt
2487 1584 2538 1626 et

595 1669 715 1718 sicut
738 1676 868 1717 carte
890 1684 1006 1731 quas
1029 1666 1114 1730 ipsi
1137 1668 1352 1716 canonici
1376 1668 1505 1715 idem
1528 1669 1710 1716 habent
1727 1666 1966 1716 testantur
2033 1667 2277 1716 Volumus
2300 1670 2464 1730 itaque
2487 1675 2537 1715 et

596 1763 878 1823 precipimus
902 1766 957 1807 ut
980 1760 1219 1822 predi6tus
1253 1760 1399 1807 abbas
1423 1765 1474 1807 et
1498 1761 1716 1808 canonici
1740 1758 1995 1823 supradiffi
2026 1761 2238 1808 habeant
2261 1765 2312 1807 et
2336 1767 2538 1808 teneant

596 1854 740 1915 plene
758 1860 808 1900 et
826 1854 1013 1915 integre
1031 1858 1082 1899 et
1101 1848 1369 1899 inconcusse
1387 1857 1438 1899 et
1455 1853 1526 1899 ita
1542 1851 1693 1900 libere
1711 1859 1762 1899 et
1779 1854 1944 1914 quiete
1962 1849 2084 1900 sicut
2101 1852 2271 1900 eadem
2294 1835 2469 1899 melius
2487 1859 2538 1900 et

593 1945 781 2007 plenius
804 1944 1000 1991 liberius
1023 1949 1074 1990 et
1098 1944 1307 2004 quietius
1332 1949 1595 1990 tenuerunt
1618 1943 1780 2005 aliquo
1804 1950 2023 2006 tempore
2047 1943 2251 2006 alicujus
2281 1941 2538 1991 antecesso-

594 2052 699 2083 rum
723 2033 989 2082 nostrorum
1008 2041 1059 2082 et
1076 2031 1198 2082 ficut
1221 2034 1381 2095 aliqua
1398 2031 1597 2083 ecclesia
1619 2037 1670 2082 in
1688 2034 1861 2098 Regno
1885 2032 2043 2083 nostro
2067 2050 2144 2083 res
2166 2042 2219 2083 et
2240 2032 2538 2098 pofl‘effiones

595 2128 697 2175 suas
720 2127 891 2175 melius
915 2133 965 2174 et
995 2126 1182 2188 plenius
1218 2126 1412 2173 liberius
1447 2133 1498 2174 et
1532 2127 1742 2188 quietius
1778 2133 1829 2174 et
1862 2127 2257 2174 honorificentius
2281 2133 2419 2175 tenet
2453 2134 2538 2175 aut

595 2216 795 2281 poffidet.
817 2226 868 2267 et
890 2215 1010 2265 ficut
1032 2225 1162 2266 carta
1184 2225 1234 2266 ct
1265 2218 1562 2266 confirmatio
1587 2219 1769 2266 domini
1799 2220 1926 2282 regis
1951 2218 2193 2267 Willelmi
2218 2221 2368 2282 patris
2391 2218 2538 2268 nostri

597 2312 707 2376 inde
731 2311 851 2358 fa&a
872 2310 1093 2371 prediEtis
1116 2312 1356 2358 canonicis
1379 2307 1617 2358 testantur
1641 2318 1691 2358 et
1714 2310 2002 2359 confirmant
2067 2308 2289 2359 Testibus
2322 2311 2538 2360 Roberto

598 2401 814 2464 episcopo
854 2399 1062 2449 Rossenfi
1096 2400 1347 2448 Willelmo
1385 2402 1446 2449 de
1481 2400 1656 2450 boscho
1694 2402 1979 2451 cancellario
2017 2402 2180 2450 Adam
2226 2409 2279 2451 et
2316 2403 2533 2451 Roberto

600 2493 855 2555 capellanis
878 2491 1047 2539 nostris
1070 2491 1101 2539 J
1105 2493 1292 2539 ohanne
1317 2493 1376 2540 de
1399 2493 1508 2541 haia
1532 2493 1745 2557 Hugone
1768 2495 1830 2543 de
1863 2496 2123 2544 camerario
2192 2495 2340 2557 Apud
2371 2495 2538 2543 Forfar

600 2586 717 2631 xxix
743 2585 819 2631 die
844 2584 1133 2631 Novembris

601 2768 746 2816 Carta
768 2767 1034 2816 Alexandri
1059 2769 1206 2832 Regis
1230 2770 1289 2816 de
1313 2768 1537 2817 solvenda
1561 2770 1747 2818 decima
1769 2769 1865 2819 sua.

603 2936 896 3000 Alexander
920 2951 1012 2998 Dei
1046 2953 1200 3013 gratia
1223 2951 1331 2999 Rex
1356 2951 1637 2999 Scottorum
1660 2952 1692 2999 J
1696 2950 1946 3000 usticiariis
1971 2954 2334 3002 vicecomitibus
2369 2970 2538 3017 prepo-

603 3042 701 3091 fitis
724 3039 1032 3105 burgensibus
1057 3048 1106 3089 et
1130 3044 1352 3090 omnibus
1386 3040 1610 3090 ministris
1646 3045 1796 3091 totius
1819 3050 1948 3092 terre
1972 3044 2055 3092 sue
2078 3044 2281 3093 salutem
2351 3045 2537 3094 Mando

604 3143 653 3181 et
674 3135 872 3180 firmiter
902 3135 1110 3195 precipio
1133 3134 1358 3195 quatinus
1393 3136 1682 3197 quicumque
1717 3135 1896 3198 aliquid
1931 3137 1991 3184 de
2026 3138 2212 3185 decima
2245 3152 2354 3185 mea
2376 3137 2452 3184 vel
2477 3138 2537 3184 de

605 3220 858 3271 elemosina
880 3222 986 3270 Deo
1022 3231 1072 3270 et
1111 3225 1271 3271 abbati
1297 3225 1356 3271 de
1381 3224 1540 3273 Scona
1562 3226 1812 3273 annuatim
1847 3226 2030 3276 solvere
2065 3228 2286 3276 debuerit
2319 3227 2441 3274 illud
2474 3229 2533 3275 ad

606 3316 831 3361 terminos
861 3315 1004 3361 michi
1028 3313 1231 3362 statutos
1257 3316 1316 3363 de
1339 3316 1476 3363 firma
1507 3331 1618 3363 mea
1650 3316 1796 3364 michi
1831 3317 2076 3365 reddenda
2098 3319 2167 3365 eis
2196 3317 2409 3380 plenarie
2432 3331 2538 3378 per-
