3002 4030
646 483 738 526 148
1314 477 1522 525 LIBER
1556 476 1884 524 ECCLESIE
2335 490 2435 523 snc.
2455 490 2563 523 xlv.

621 699 766 746 Carta
787 699 934 762 Regis
957 698 1157 746 Roberti
1182 698 1242 745 de
1257 698 1368 759 jure
1390 703 1670 758 patronatus
1692 693 1889 744 ecclesie
1911 694 2058 743 saneti
2083 695 2242 759 Egidii
2266 721 2278 734 ·

499 883 602 927 189.
648 864 905 927 Robertus
939 880 1015 926 dei
1048 878 1202 941 gratia
1225 877 1332 925 Rex
1356 877 1635 925 Scottorum
1669 876 1889 923 omnibus
1923 875 2082 937 probis
2115 875 2388 922 hominibus
2415 876 2564 922 totius

643 978 768 1017 terre
790 968 872 1017 sue
894 969 1078 1017 clericis
1101 974 1152 1015 et
1175 968 1306 1015 laicis
1329 967 1531 1015 salutem
1567 966 1740 1014 Sciatis
1772 967 1897 1027 quod
1931 967 2059 1012 inter
2090 971 2251 1014 cetera
2284 963 2568 1014 monasteria

642 1061 774 1122 regni
797 1057 942 1106 nostri
959 1059 1019 1106 ad
1036 1056 1379 1111 monasterium
1405 1058 1465 1104 de
1486 1056 1643 1104 Scona
1665 1057 1840 1104 ordinis
1858 1056 2020 1103 Sanffl
2038 1054 2299 1118 Augustini
2323 1056 2567 1104 Sanaian—

642 1151 754 1197 dree
776 1147 985 1212 dyocesis
1009 1150 1058 1195 in
1080 1149 1328 1210 principali
1348 1148 1455 1195 sede
1477 1149 1611 1210 regni
1634 1144 1778 1194 nostri
1801 1147 2055 1194 fimdatum
2078 1145 2292 1194 nostrum
2315 1146 2568 1210 diligenter

641 1242 872 1288 intuitum
894 1241 1154 1301 dirigentes
1176 1238 1574 1287 consideravimus
1596 1239 1723 1300 quod
1752 1238 1880 1285 idem
1914 1235 2250 1285 monasterium
2274 1238 2567 1300 temporibus

642 1332 876 1378 unctionis
909 1338 960 1378 et
995 1332 1313 1378 coronationis
1351 1329 1509 1377 nostre
1543 1336 1594 1376 et
1627 1327 1845 1376 similiter
1880 1329 2176 1390 temporibus
2211 1330 2568 1391 progenitorum

642 1421 906 1469 nostrorum
940 1437 1127 1469 necnon
1159 1437 1246 1483 per
1277 1421 1455 1469 multas
1479 1428 1528 1468 et
1555 1422 1829 1481 frequentes
1862 1420 2252 1482 congregationes
2284 1420 2486 1482 grandes
2518 1426 2568 1467 et

643 1511 889 1574 populosas
924 1528 1040 1574 quas
1078 1528 1163 1574 pro
1195 1513 1330 1575 regni
1365 1513 1569 1574 negotiis
1603 1511 1779 1558 ibidem
1813 1511 1915 1557 fieri
1950 1515 2140 1571 oportet
2178 1516 2320 1571 prout
2359 1508 2430 1556 est
2465 1511 2567 1558 fleri

643 1603 925 1651 consuetum
959 1605 1009 1650 in
1042 1603 1136 1650 suis
1170 1604 1367 1650 edificiis
1396 1602 1551 1650 multa
1582 1599 1783 1649 sustinet
1815 1601 2117 1648 incommoda
2146 1606 2197 1647 et
2230 1615 2376 1648 onera
2407 1603 2568 1663 gravia

645 1694 957 1756 expensarum
1009 1694 1247 1742 Volentes
1282 1695 1430 1757 igitur
1468 1694 1624 1741 eidem
1658 1689 1942 1740 monasterio
1982 1691 2043 1738 de
2080 1690 2240 1752 aliquo
2278 1691 2568 1739 relevamine

646 1785 892 1846 providere
915 1785 975 1832 ad
1004 1785 1233 1831 honorem
1257 1785 1335 1831 dei
1358 1784 1700 1845 omnipotentis
1724 1789 1774 1830 et
1796 1788 2108 1844 augmentum
2142 1781 2302 1830 cultus
2335 1783 2483 1829 divini
2517 1785 2567 1830 in

646 1876 814 1922 eodem
854 1874 1138 1923 monasterio
1171 1875 1345 1922 futuris
1377 1875 1673 1936 temporibus
1706 1873 1965 1935 ampliandi
1997 1879 2049 1920 et
2088 1888 2173 1934 pro
2206 1874 2365 1921 anima
2402 1875 2480 1935 pie
2516 1882 2566 1920 et

645 1965 928 2012 excellentis
961 1965 1191 2012 memorie
1225 1965 1405 2011 domini
1438 1964 1754 2026 progenitoris
1782 1961 1929 2010 nostri
1960 1962 2245 2024 quiescentis
2278 1964 2455 2011 ibidem
2477 1964 2510 2011 J
2513 1980 2569 2011 ns

644 2061 923 2117 patronatus
953 2053 1163 2103 Ecclefie
1199 2055 1363 2102 Sanffi
1398 2055 1555 2117 Egidij
1581 2055 1640 2102 de
1665 2054 1944 2116 Edinburgh
1968 2070 2025 2101 ac
2048 2061 2265 2112 omneet
2286 2060 2444 2102 totum
2476 2054 2510 2102 J
2512 2071 2567 2102 us

645 2146 771 2207 quod
792 2160 879 2192 nos
902 2145 978 2192 vel
1004 2142 1345 2207 predecessores
1367 2143 1514 2192 nostri
1537 2146 1587 2191 in
1610 2142 1709 2206 ipsa
1726 2142 1923 2192 ecclesia
1943 2145 2197 2192 habuimus
2215 2144 2292 2192 vel
2314 2145 2568 2206 aliquando

642 2237 912 2284 habuerunt
946 2251 1043 2283 una
1074 2250 1182 2283 cum
1218 2237 1357 2283 terris
1380 2242 1431 2282 et
1453 2232 1805 2297 possessionibus
1828 2251 1883 2283 ac
1910 2235 2014 2282 aliis
2047 2236 2350 2297 pertinentiis
2381 2235 2570 2296 quibus-

643 2341 848 2387 cumque
881 2327 942 2374 ad
975 2327 1173 2373 eandem
1217 2323 1463 2374 ecclesiam
1501 2325 1824 2388 spe&antibus
1857 2326 1934 2373 vel
1967 2324 2176 2387 spe&are
2209 2326 2479 2374 valentibus
2518 2329 2567 2373 in

643 2419 858 2464 futurum
889 2418 1127 2464 eanonicis
1154 2418 1205 2463 in
1229 2416 1357 2465 dicto
1386 2414 1670 2464 monasterio
1702 2417 1792 2463 deo
1821 2413 2136 2463 servientibus
2158 2423 2208 2463 et
2230 2401 2567 2478 inperpetuum

643 2506 885 2554 servituris
908 2504 1255 2554 consenciente
1283 2506 1342 2552 ad
1370 2506 1461 2552 hoc
1484 2505 1768 2553 Reverendo
1792 2507 1843 2553 in
1866 2504 2052 2553 Christo
2086 2512 2222 2567 patre
2246 2505 2467 2554 Waltero
2490 2507 2566 2554 dei

642 2598 796 2659 gratia
813 2595 1045 2658 Episcopo
1069 2595 1406 2643 Sanctiandree
1429 2596 1732 2643 concedimus
1756 2607 1807 2643 et
1829 2597 2039 2658 perfe&a
2060 2596 2318 2644 donatione
2340 2596 2567 2659 largimur

644 2687 787 2734 Salvo
809 2686 994 2749 semper
1017 2688 1128 2748 Jure
1158 2684 1409 2747 cujussibet
1442 2686 1640 2734 alterius
1662 2684 1860 2734 ecclesie
1883 2685 1961 2732 vel
1995 2684 2191 2748 persone
2215 2711 2227 2723 ·
2250 2686 2317 2734 Et
2338 2687 2398 2734 ad
2421 2687 2566 2734 finem

642 2779 769 2839 quod
791 2777 959 2826 Abbas
988 2774 1256 2839 monasterij
1281 2777 1478 2839 prediffi
1510 2778 1704 2824 nomine
1725 2775 1795 2823 sui
1818 2773 2086 2838 monasterij
2110 2778 2307 2838 predicti
2330 2778 2380 2824 in
2403 2774 2568 2839 posses-

645 2867 773 2917 sione
806 2869 1019 2931 plenaria
1039 2869 1162 2930 juris
1191 2866 1460 2930 hujusmodi
1495 2866 1865 2915 constitueretur
1896 2867 2137 2915 Volumus
2160 2874 2212 2914 et
2235 2866 2568 2916 constituimus

643 2967 810 3008 tenore
842 2957 1133 3021 presentium
1164 2974 1221 3006 ac
1247 2959 1553 3006 concedimus
1586 2958 1711 3019 quod
1745 2955 1968 3019 magister
1988 2957 2020 3003 J
2023 2958 2197 3005 acobus
2231 2958 2406 3019 lyoune
2439 2974 2566 3007 nunc
2647 2957 2659 2967 ⁶

644 3053 844 3098 vicarius
884 3048 1080 3098 ecclesie
1122 3050 1361 3097 antedi&e
1402 3049 1461 3095 de
1500 3054 1660 3095 cetero
1700 3046 1884 3094 Abbati
1925 3047 1985 3094 de
2025 3047 2182 3094 Scona
2221 3055 2449 3109 tanquam
2484 3047 2566 3095 suo

644 3148 843 3201 patrono
876 3143 927 3187 in
961 3140 1181 3187 omnibus
1214 3146 1378 3202 pareat
1402 3145 1452 3186 et
1476 3139 1697 3186 intendat
1732 3137 1798 3185 Et
1828 3136 1967 3199 super
1988 3139 2078 3185 hoc
2101 3136 2430 3199 requisivimus
2463 3155 2567 3200 pre-

646 3232 797 3277 fatum
831 3231 1143 3278 reverendum
1178 3235 1363 3291 patrem
1397 3227 1682 3290 Episcopum
1706 3225 2028 3276 fimetiandree
2062 3235 2298 3290 quatenus
2331 3231 2567 3290 prenomi-
