3002 4030
285 894 391 938 183.

270 2903 373 2945 184.

439 500 553 533 nne.
579 501 688 534 non.
715 502 768 534 11.
983 491 1032 538 S.
1068 491 1461 544 TRINITATIS
1496 498 1588 544 DE
1624 499 1817 549 SCON.
2265 513 2346 554 141

436 708 581 756 Carta
605 710 804 759 Roberti
829 713 975 776 Regis
999 715 1059 762 de
1083 730 1269 764 summa
1292 720 1351 766 de
1374 721 1531 768 firmis-
1543 723 1602 770 de
1626 723 1772 772 Perth
1797 728 2110 788 percipienda.

436 872 696 940 Robertus
720 894 814 942 Dei
847 897 1001 958 gratia
1024 897 1132 945 Rex
1156 897 1432 947 Scottorum
1455 905 1672 951 omnibus
1694 907 1852 966 probis
1876 908 2146 956 hominibus
2173 906 2265 956 suis
2291 911 2351 957 ad

431 998 550 1044 quos
572 984 814 1045 presentes
848 986 987 1034 litere
1019 991 1324 1049 pervenerint
1347 989 1548 1038 salutem
1599 994 1771 1042 Sciatis
1806 999 1931 1057 quod
1954 1014 2038 1059 per
2073 999 2351 1061 diligentem

431 1075 838 1123 examinationem
869 1083 919 1124 et
952 1077 1278 1139 inspexionem
1311 1082 1576 1130 rotulorum
1610 1083 1872 1134 nostrorum
1906 1094 1956 1135 et
1990 1087 2135 1135 nostri
2168 1087 2351 1151 registri

432 1164 607 1212 fafi'cam
626 1167 685 1213 de
707 1168 934 1215 mandato
958 1167 1116 1215 nostro
1139 1185 1224 1230 per
1246 1172 1485 1219 auditores
1502 1181 1828 1235 compotorum
1847 1175 2108 1225 nostrorum
2127 1180 2176 1225 in
2193 1179 2351 1226 nostro

430 1254 660 1304 scaccario
684 1264 734 1304 et
757 1274 842 1320 per
864 1259 979 1307 alias
1003 1261 1266 1307 evidentias
1290 1277 1405 1322 quas
1429 1264 1576 1310 etiam
1611 1267 1758 1312 videri
1782 1273 1832 1314 et
1860 1270 2119 1315 examinari
2152 1270 2350 1316 fecimus

430 1348 567 1394 nobis
605 1350 853 1396 evidenter
886 1352 1098 1397 innotuit
1127 1354 1253 1412 quod
1277 1351 1479 1415 religiofi
1503 1355 1590 1401 viri
1614 1355 1779 1403 Abbas
1803 1363 1853 1404 et
1875 1365 2136 1405 conventus
2160 1358 2350 1406 Monas-

429 1439 535 1500 terij
561 1440 620 1486 de
645 1439 803 1487 Scona
825 1449 1142 1503 perceperunt
1165 1444 1430 1504 antiquitus
1453 1460 1508 1491 ac
1530 1447 1773 1507 percipere
1808 1448 2075 1495 debuerunt
2099 1455 2148 1496 et
2171 1450 2347 1497 debent

428 1531 675 1576 annuatim
699 1546 784 1591 pro
802 1533 1000 1593 antiqua
1023 1531 1279 1580 elemofina
1301 1533 1674 1595 predecessorum
1692 1536 1954 1585 nostrorum
1974 1539 2162 1602 Regum
2186 1539 2350 1587 Scoto-

426 1635 532 1666 rum
557 1621 616 1668 de
634 1622 781 1669 firmis
798 1623 936 1686 burgi
954 1621 1099 1671 nostri
1124 1626 1184 1672 de
1209 1626 1357 1673 Perth
1376 1627 1585 1686 quinque
1602 1627 1744 1674 libras
1762 1635 1858 1675 tres
1880 1627 2050 1675 solidos
2074 1635 2123 1676 et
2147 1636 2348 1690 quatuor

426 1710 644 1758 denarios
679 1710 1013 1775 sterlingorum
1073 1715 1234 1770 Quare
1259 1716 1528 1763 Camerario
1552 1715 1708 1764 nostro
1740 1720 1820 1778 qui
1853 1734 1937 1779 pro
1961 1724 2175 1780 tempore
2203 1720 2346 1766 fuerit

425 1817 480 1849 ac
503 1803 650 1849 etiam
674 1802 923 1865 prepofitis
948 1811 998 1852 et
1021 1806 1210 1853 ballivis
1230 1808 1342 1855 dicti
1360 1808 1497 1870 burgi
1520 1806 1664 1855 nostri
1689 1810 1747 1856 de
1766 1809 1915 1855 Perth
1933 1811 2013 1869 qui
2030 1825 2114 1870 pro
2132 1815 2345 1870 tempore

423 1894 568 1941 fuerit
623 1892 813 1942 Damus
846 1902 1014 1944 tenore
1048 1898 1341 1958 presentium
1376 1899 1575 1961 firmiter
1597 1900 1646 1945 in
1669 1901 1904 1947 mandatis
1928 1901 2054 1960 quod
2078 1901 2214 1947 dictis
2236 1901 2344 1947 reli-

421 1982 561 2047 giofis
580 1986 786 2047 prefatas
804 1987 1014 2048 quinque
1032 1988 1174 2036 libras
1193 1999 1290 2036 tres
1309 1989 1480 2037 solidos
1499 1997 1548 2037 et
1567 1998 1768 2050 quatuor
1785 1992 1998 2037 denarios
2016 1989 2343 2052 sterlingorum

421 2077 557 2123 annis
590 2074 786 2139 fingulis
810 2079 870 2124 de
893 2079 1040 2126 firmis
1075 2081 1187 2127 dieti
1220 2082 1358 2143 burgi
1382 2081 1442 2128 ad
1466 2082 1582 2127 duos
1606 2083 1716 2127 anni
1750 2083 1979 2129 terminos
2011 2078 2108 2128 fine
2132 2082 2342 2143 qualibet

421 2167 704 2216 difficultate
726 2167 963 2230 persolvat
998 2170 1156 2226 Quam
1174 2170 1405 2218 summam
1422 2173 1622 2232 pecunie
1639 2169 1724 2219 fibi
1741 2173 1790 2218 in
1808 2173 2039 2233 compotis
2057 2171 2149 2219 suis
2172 2174 2339 2219 annuis

420 2258 479 2306 de
513 2259 659 2305 firmis
695 2261 807 2306 dieti
843 2260 981 2322 burgi
1014 2262 1267 2309 reddendis
1329 2262 1569 2310 Volumus
1604 2269 1653 2310 et
1687 2263 1970 2323 precipimus
2003 2279 2088 2324 pro
2122 2265 2256 2310 nobis
2290 2271 2338 2310 et

418 2347 589 2396 nostris
611 2351 865 2398 heredibus
882 2367 967 2412 per
985 2351 1228 2413 presentes
1244 2353 1432 2414 plenius
1456 2354 1646 2401 allocari
1699 2354 1757 2399 In
1777 2354 1909 2415 cujus
1932 2355 1999 2400 rei
2019 2352 2339 2401 testimonium

418 2440 503 2488 has
527 2441 689 2503 literas
712 2440 797 2489 fibi
823 2443 925 2490 fieri
951 2444 1150 2491 fecimus
1171 2450 1395 2505 patentes
1446 2444 1595 2506 Apud
1619 2445 1765 2491 Perth
1785 2442 2004 2492 vicefimo
2023 2445 2099 2491 die
2117 2445 2335 2505 februarij

418 2531 565 2578 Anno
588 2535 722 2595 regni
747 2532 893 2580 nostri
919 2534 1137 2582 secundo.

417 2713 563 2760 Carta
587 2713 787 2761 Roberti
813 2715 960 2778 Regis
983 2717 1042 2763 de
1065 2715 1281 2763 secundis
1305 2716 1500 2762 decimis
1525 2717 1583 2762 de
1609 2717 1732 2762 Rate
1757 2723 1805 2762 et
1831 2717 1888 2762 de
1913 2715 2209 2776 KynfaunyS.

422 2879 679 2942 Robertus
703 2895 795 2941 Dei
819 2897 972 2957 gratia
995 2896 1105 2943 Rex
1129 2896 1407 2944 Scottorum
1432 2898 1697 2943 vicecomiti
1723 2904 1772 2943 et
1796 2897 1979 2943 ballivis
1997 2895 2088 2942 suis
2107 2897 2165 2942 de
2185 2896 2330 2942 Perth

415 2985 618 3032 salutem
669 2986 795 3041 Quia
816 2987 985 3033 rotulis
1009 2993 1339 3048 computorum
1363 2985 1626 3032 nostrorum
1651 2988 1710 3033 (16
1733 2987 1956 3033 mandato
1979 2985 2135 3032 nostro
2153 2983 2258 3032 vifis
2281 2992 2330 3032 et

415 3077 670 3138 diligenter
688 3077 908 3138 inspeffis
931 3078 1067 3124 nobis
1091 3076 1272 3125 constat
1290 3078 1349 3125 ad
1373 3078 1568 3139 plenum
1586 3078 1711 3137 quod
1730 3085 1828 3123 tam
1852 3084 2064 3137 tempore
2081 3076 2330 3124 recolende

414 3169 642 3214 memorie
666 3168 845 3214 domini
869 3168 1071 3215 Roberti
1095 3170 1170 3215 avi
1194 3167 1339 3214 nostri
1363 3184 1504 3228 quam
1539 3168 1716 3214 domini
1742 3167 1896 3214 David
1920 3167 2163 3214 Avunculi
2186 3166 2330 3214 nostri

415 3259 604 3321 Regum
628 3259 906 3306 Scottorum
930 3257 1185 3306 illustrium
1210 3256 1583 3320 predecessorum
1607 3256 1868 3305 nostrorum
1892 3255 2094 3320 religiofi
2118 3260 2204 3304 viri
2229 3257 2330 3305 Ab·
