2982 4016
409 579 524 612 nnc.
549 579 697 612 ALEX.
723 580 799 612 111.
958 565 1007 614 S.
1043 564 1439 614 TRINITATIS
1474 566 1567 614 DE
1604 566 1799 615 SCON.
2283 575 2340 617 81

407 697 540 744 tione
561 697 763 759 alicujus
785 697 952 745 militis
976 697 1187 759 aliquam
1209 704 1387 745 terram
1422 698 1618 746 liberius
1637 725 1647 736 ·
1671 701 1885 761 quiecius
1911 727 1920 738 ·
1947 700 2344 749 honorificencius

406 793 545 835 tenet
568 794 619 835 et
641 785 844 850 poffidet
867 788 1137 836 Reddendo
1157 791 1407 836 annuatim
1438 791 1584 836 11110111
1608 796 1659 837 01
1682 791 1936 857 heredibus
1959 792 2081 837 meis
2105 807 2190 852 pro
2216 794 2347 838 omni

406 876 603 927 servicio
622 885 672 926 et
697 896 842 927 onere
859 895 1005 927 unam
1028 881 1199 927 libram
1218 882 1380 927 cimini
1399 882 1459 927 ad
1483 880 1657 928 festum
1675 880 1840 928 Sandzi
1857 881 1890 928 J
1893 883 2093 929 ohannis
2116 879 2320 944 baptiste
2339 908 2349 918 ·

406 969 511 1034 Ego
535 987 648 1018 vero
672 971 946 1033 Stephanus
969 977 1021 1018 et
1042 972 1242 1018 heredes
1275 973 1371 1018 mei
1406 973 1583 1019 didam
1613 978 1791 1019 terram
1815 973 1953 1019 diffls
1977 975 2215 1020 canonicis
2240 989 2351 1021 con-

406 1068 481 1109 tra
520 1078 686 1109 omnes
720 1063 936 1109 homines
969 1061 1408 1110 Warantizabimus
1443 1090 1453 1100 ·
1491 1062 1759 1111 Habebunt
1796 1065 1943 1111 etiam
1981 1065 2095 1111 dicei
2133 1066 2349 1112 canonici

406 1152 611 1200 liberum
639 1152 872 1216 egressum
895 1159 946 1200 et
968 1152 1225 1216 ingressum
1248 1163 1299 1200 et
1322 1169 1628 1201 communem
1661 1154 1902 1216 pasturam
1926 1157 1975 1202 111
1999 1154 2211 1218 ejusdem
2235 1156 2351 1202 ville

406 1246 646 1292 territorio
670 1251 721 1292 et
744 1245 838 1292 3113
861 1241 1173 1309 Eyfiamenta
1196 1245 1250 1291 Si
1274 1260 1386 1292 vero
1411 1247 1661 1308 contingat
1685 1248 1811 1307 quod
1835 1263 1924 1309 ego
1948 1254 1999 1294 et
2021 1248 2221 1295 heredes
2253 1249 2349 1294 mei

406 1337 665 1383 nominatis
700 1336 940 1383 canonicis
973 1337 1272 1382 nominatam
1307 1341 1484 1383 terram
1508 1353 1618 1383 cum
1653 1339 1958 1398 pertinentiis
1982 1337 2076 1385 suis
2101 1339 2350 1386 Waranti-

407 1443 515 1475 zare
551 1442 649 1473 non
684 1428 949 1488 poterimus
981 1453 992 1463 ·
1024 1442 1112 1488 per
1144 1424 1298 1472 visum
1334 1426 1562 1489 legalium
1587 1429 1796 1474 virorum
1832 1434 1883 1475 et
1917 1429 2266 1491 fidedignorum
2301 1432 2351 1476 in

407 1519 513 1566 loco
537 1525 637 1566 tam
661 1519 959 1579 competenti
983 1523 1034 1564 et
1057 1523 1159 1564 tam
1191 1518 1442 1564 commodo
1466 1520 1517 1564 in
1540 1519 1684 1565 feudo
1713 1517 1873 1566 nostro
1899 1520 1958 1566 de
1985 1519 2268 1582 Melginche
2292 1524 2352 1568 ad

407 1609 781 1671 equivalentiam
820 1607 1058 1671 sepedicte
1104 1614 1232 1655 terre
1277 1606 1600 1670 plenissimum
1646 1611 1864 1657 dabimus
1911 1609 2204 1658 escambium
2246 1639 2255 1649 ·
2298 1591 2358 1658 ut⁸

408 1707 572 1749 autem
595 1701 684 1748 hec
707 1701 923 1748 venditio
946 1702 998 1746 in
1020 1697 1264 1761 posterum
1286 1706 1392 1747 1313
1414 1707 1693 1762 permaneat
1723 1700 1916 1763 presens
1951 1699 2179 1764 scriptum
2214 1701 2355 1766 sigilli

408 1794 506 1840 mei
526 1793 794 1839 munimine
819 1791 1060 1839 Roboravi
1127 1789 1347 1839 Testibus
1371 1819 1382 1830 ·
1409 1792 1598 1840 Wallet
1622 1794 1859 1840 avunculo
1884 1810 1991 1841 meo
2017 1794 2076 1840 -J
2079 1795 2268 1841 ohanne
2294 1796 2354 1841 de

409 1884 521 1948 Aya
543 1890 594 1932 et
618 1885 786 1931 multis
809 1884 914 1932 aliis
938 1899 1036 1930 non
1058 1883 1138 1930 hic
1161 1884 1435 1931 nominatis.

412 2069 624 2130 Capituli
648 2065 851 2116 assensus
875 2074 1007 2115 carte
1031 2066 1289 2114 Willielmi
1314 2046 1535 2129 Episcopi
1560 2067 1724 2116 8311611
1742 2068 1941 2116 Andree
1966 2069 2026 2115 de
2051 2068 2288 2117 Ecclesiis.

292 2260 386 2307 117
423 2236 679 2301 Omnibus
703 2250 879 2299 Christi
911 2251 1134 2299 fidelibus
1167 2249 1358 2312 presens
1391 2249 1621 2313 scriptum
1656 2249 1822 2299 visuris
1857 2252 1934 2299 vel
1960 2240 2201 2300 ⁸audituris
2226 2252 2362 2299 Prior

420 2351 471 2392 et
495 2344 776 2406 Capitulum
810 2341 1136 2390 sanctiandree
1169 2341 1390 2390 Salutem
1426 2344 1477 2389 in
1512 2344 1705 2389 domino
1740 2342 2078 2405 sempiternam
2114 2343 2363 2391 Noveritis

420 2452 507 2484 nos
530 2437 716 2483 litteras
741 2435 1025 2482 venerabilis
1048 2435 1197 2496 patris
1220 2433 1368 2481 nostri
1392 2435 1573 2480 domini
1598 2433 1839 2481 Willelmi
1872 2436 1949 2482 dei
1979 2437 2134 2498 gratia
2157 2433 2362 2497 episcopi

420 2526 567 2576 nostri
590 2530 641 2574 in
665 2529 754 2574 hec
778 2528 925 2574 verba
947 2524 1196 2588 inspexisse
1221 2525 1459 2573 Omnibus
1493 2526 1578 2573 has
1609 2525 1795 2572 litteras
1820 2524 1985 2573 visuris
2020 2526 2097 2572 vel
2132 2527 2364 2573 audituris

423 2620 704 2667 Willelmus
722 2616 1027 2666 miseratione
1041 2618 1202 2664 divina
1217 2615 1431 2665 Ecclefie
1447 2617 1791 2664 Sanffiandree
1805 2615 2021 2664 minister
2035 2617 2227 2664 humilis
2242 2624 2366 2664 eter-

420 2728 533 2761 nam
556 2713 608 2758 in
631 2713 826 2758 domino
849 2709 1053 2758 salutem
1082 2737 1093 2748 ·
1119 2709 1328 2757 Noverit
1351 2707 1633 2756 universitas
1656 2707 1811 2756 vestra
1834 2724 1922 2755 nos
1946 2709 2156 2755 caritatis
2180 2695 2363 2755 intuitu

423 2800 691 2852 conceffiffe
730 2808 781 2850 et
820 2800 1054 2864 presentis
1089 2800 1252 2863 scripti
1287 2801 1552 2862 patrocinio
1589 2798 1881 2846 confirmasse
1917 2800 1967 2846 in
2003 2797 2114 2846 usus
2150 2801 2363 2860 proprios

424 2894 610 2941 Abbati
634 2899 685 2940 et
708 2892 963 2939 Canonicis
986 2893 1046 2938 de
1071 2891 1229 2938 Scona
1251 2906 1418 2938 omnes
1442 2888 1661 2939 ecclesias
1685 2906 1801 2952 quas
1824 2891 2003 2938 habent
2021 2892 2072 2936 in
2091 2889 2362 2952 episcopatu

426 2984 752 3033 sanctiandree
791 2985 842 3029 111
882 2983 1082 3030 liberam
1123 2989 1174 3030 et
1213 2989 1496 3049 perpetuam
1537 2979 1843 3029 elemosinam
1883 2983 1958 3027 viz
1998 2979 2260 3028 Ecclesiam
2307 2982 2365 3027 de

427 3077 586 3125 Scona
608 3080 659 3122 et
682 3072 894 3136 ejusdem
917 3074 1123 3136 capellas
1148 3074 1346 3122 Scilicet
1369 3074 1429 3120 de
1464 3073 1761 3134 Kynfawnys
1798 3073 1858 3119 de
1894 3072 2020 3134 Crag
2055 3079 2104 3119 et
2140 3073 2199 3119 de
2236 3073 2362 3120 Rate

426 3164 690 3215 Ecclesiam
713 3166 773 3212 de
797 3164 914 3227 Lyff
929 3162 1191 3212 Ecclesiam
1223 3166 1283 3212 de
1318 3163 1674 3226 Invergoveryn
1709 3170 1759 3211 et
1795 3161 2057 3211 Ecclesiam
2092 3164 2151 3210 de
2188 3163 2364 3226 Login-

427 3259 589 3307 dunde
612 3238 876 3303 Ecclesiam
900 3256 960 3302 de
984 3253 1369 3303 Cambusmichel
1404 3252 1667 3302 Ecclesiam
1701 3255 1761 3301 de
1796 3254 2069 3302 Lochorver
2102 3252 2365 3302 Ecclesiam

429 3352 489 3399 de
513 3350 822 3411 Keringtoun
846 3346 950 3395 Has
974 3352 1138 3395 autem
1162 3343 1381 3394 ecclesias
1400 3362 1510 3393 cum
1530 3345 1725 3407 capellis
1749 3352 1800 3394 et
1823 3347 2044 3394 omnibus
2063 3347 2365 3408 pertinentiis

1379 3451 1407 3485 L
