2982 4016
1168 482 1466 530 TABULA.
2171 491 2289 535 xxiii

384 616 460 660 44.
496 613 642 661 Carta
665 613 905 661 Willelmi
929 614 1077 677 Regis
1100 615 1160 662 de
1183 614 1380 666 decimis
1403 619 1454 661 et
1477 614 1848 662 refilaitudinibus
1873 613 2070 664 ecclefie
2095 617 2156 664 de

498 703 821 760 Louchoruer,
913 740 924 751 .
1765 741 1775 751 .
1978 742 1989 752 .
2152 723 2198 768 p.
2227 712 2287 755 28

383 798 458 842 45.
494 794 640 842 Carta
663 794 904 842 Willelmi
928 795 1075 857 Regis
1099 795 1312 842 Henrico
1336 794 1507 842 Baldo
1514 796 1746 850 confecta,
1979 832 1990 842 .
2226 803 2287 847 29

382 887 459 934 46.
495 886 641 934 Carta
664 886 904 933 Willelmi
927 887 1076 949 Regis
1099 885 1354 933 Willelmo
1379 885 1627 933 Galeatori
1651 887 1883 942 confeRa,
1980 871 1997 933 s
2227 894 2289 938 30

381 980 457 1028 47.
494 977 640 1024 Carta
671 977 864 1038 Ricardi
895 976 1100 1039 episcopi
1133 977 1296 1025 Sancti
1327 976 1526 1025 Andree
1558 979 1618 1025 de
1651 979 1836 1026 decima
1862 976 2060 1040 piscarie
2096 980 2156 1026 de

498 1067 669 1124 Scona,
910 1103 921 1114 .
1335 1103 1346 1114 .
1762 1104 1773 1115 .
1975 1106 1986 1116 .
2224 1077 2285 1119 30

380 1164 455 1207 48.
492 1160 804 1207 Confirmatio
828 1158 1022 1206 Ricardi
1046 1157 1251 1221 episcopi
1275 1157 1439 1205 Sanffi
1462 1157 1660 1205 Andree
1685 1160 1744 1206 de
1768 1157 1975 1207 ecclefiis
2005 1159 2086 1208 &c.
2224 1167 2280 1209 31

379 1254 455 1301 49
491 1251 803 1298 Confirmatio
821 1249 1044 1312 Hugonis
1061 1247 1266 1311 episcopi
1285 1248 1450 1296 Sancti
1467 1248 1674 1296 Andree
1684 1250 1745 1296 de
1762 1251 1959 1298 terrain
1978 1251 2153 1299 Sancto

493 1341 704 1396 Andrea,
907 1376 918 1386 .
1332 1374 1343 1385 .
1759 1375 1770 1385 .
1973 1378 1984 1388 .
2222 1349 2278 1391 31

378 1437 454 1479 50.
491 1432 803 1479 Confirmatio
821 1430 1044 1493 Hugonis
1059 1375 1265 1492 episcopi
1280 1427 1444 1477 sanai
1462 1429 1662 1477 Andree
1680 1431 1740 1477 de
1759 1430 1983 1478 ecclesiis.
2023 1433 2150 1498 Orzy.
2221 1440 2282 1482 32

379 1528 457 1569 51.
492 1522 804 1570 Confirmatio
832 1521 1010 1584 Rogeri
1045 1519 1251 1583 episcopi
1285 1520 1449 1568 Sancti
1472 1520 1671 1567 Andree
1695 1522 1966 1570 donationis
1990 1523 2150 1571 Dauid

490 1616 551 1661 de
575 1614 696 1676 Lyn,
905 1648 916 1659 .
1119 1648 1129 1659 .
1974 1651 1984 1661 .
2221 1622 2282 1664 33

379 1709 455 1752 52.
491 1704 637 1752 Carta
659 1703 901 1751 Willelmi
924 1701 1131 1765 episcopi
1155 1702 1319 1750 Sanffl
1342 1701 1512 1750 Andre
1531 1648 1714 1750 deloco
1733 1705 1793 1751 de
1811 1704 2150 1763 Kincarachin,
2221 1714 2281 1756 33

375 1801 452 1844 53.
489 1796 800 1843 Confirmatio
826 1794 1067 1841 Willelmi
1090 1793 1294 1856 episcopi
1321 1794 1485 1841 Sanfflsi
1509 1793 1706 1842 Andree
1730 1796 1790 1841 de
1814 1794 2037 1853 ecclefiis,
2220 1804 2281 1846 34

375 1891 451 1935 54.
488 1887 634 1934 Carta
657 1886 897 1933 Willelmi
920 1884 1125 1947 episcopi
1150 1884 1313 1932 Sanffi
1337 1884 1536 1932 Andree
1560 1886 1620 1932 de
1644 1884 1866 1942 ecclefiis,
1972 1923 1983 1934 .
2220 1895 2283 1937 34

376 1984 453 2027 55.
489 1978 636 2026 Carta
668 1977 700 2024 J
703 1979 902 2025 ohannis
937 1975 1143 2039 episcopi
1183 1974 1541 2023 Dunkeldenfis
1581 1977 1642 2023 de
1683 1976 1820 2039 Logy
1852 1978 2059 2025 mehedd
2099 1981 2149 2026 in

489 2070 702 2125 Atholia,
904 2104 915 2115 .
1116 2103 1127 2113 .
1331 2102 1341 2112 .
1543 2103 1554 2113 .
1757 2101 1769 2113 .
1972 2104 1983 2113 .
2219 2076 2280 2117 35
2325 2066 2328 2069 ’

375 2163 451 2208 56.
488 2160 633 2207 Carta
656 2159 896 2206 Willelmi
920 2158 1076 2206 Vniot
1099 2157 1159 2204 de
1181 2157 1366 2218 septem
1390 2157 1509 2203 acris
1532 2162 1673 2212 terre,
1756 2193 1766 2203 .
1972 2195 1982 2203 .
2219 2164 2279 2207 36

377 2256 453 2300 57.
489 2251 760 2298 Conventio
784 2250 844 2297 de
867 2250 1102 2296 limitibus
1124 2253 1361 2295 terrarum
1386 2248 1446 2294 de
1469 2245 1654 2309 Camsy,
1760 2282 1771 2293 .
1973 2284 1983 2294 .
2220 2254 2280 2298 36

375 2347 451 2390 58.
488 2342 634 2389 Cart-a
656 2340 859 2388 Haraldi
882 2340 1084 2387 Catanie
1104 2338 1196 2386 &c.
1221 2339 1425 2385 Comitis
1450 2339 1509 2384 de
1531 2354 1630 2386 una
1650 2353 1813 2385 merca
1835 2340 2022 2401 argenti
2044 2339 2133 2387 &c.
2218 2347 2280 2393 37

374 2438 450 2484 59.
486 2433 798 2480 Confirmatio
822 2430 1090 2478 Alexandri
1112 2430 1238 2492 regis
1261 2435 1500 2476 cartarum
1523 2427 1870 2476 antecessorum
1892 2428 2095 2485 suorum,
2217 2438 2277 2478 38

375 2527 450 2573 60.
486 2524 632 2571 Carta
653 2522 922 2570 Alexandri
946 2521 1094 2584 Regis
1118 2521 1178 2567 de
1201 2518 1426 2566 solvenda
1448 2520 1635 2566 decima
1656 2518 1752 2574 sua,
1970 2556 1979 2565 .
2217 2527 2276 2568 38

374 2617 449 2663 61.
486 2614 631 2662 Carta
645 2612 913 2660 Alexandri
931 2612 1079 2674 Regis
1097 2612 1157 2659 de
1174 2610 1542 2658 reffitudinibus
1559 2611 1611 2656 in
1626 2611 1768 2657 domo
1787 2610 1988 2673 Regine.
2027 2610 2155 2675 Oriy.
2216 2617 2276 2661 39

374 2709 449 2754 62.
486 2706 632 2753 Carta
653 2704 921 2752 Alexandri
945 2704 1093 2766 Regis
1117 2703 1177 2749 de
1199 2709 1328 2749 terra
1350 2717 1443 2762 que
1467 2708 1665 2748 vocatur
1688 2700 1852 2749 Insula
1874 2702 1934 2748 de
1959 2701 2100 2756 Scon,
2215 2707 2275 2751 39

375 2799 448 2845 63.
487 2795 798 2843 Confirmatio
822 2794 1090 2842 Alexandri
1108 2793 1257 2855 Regis
1274 2791 1414 2854 super
1432 2792 1680 2840 excambio
1696 2797 1823 2839 terre
1841 2792 1900 2838 de
1919 2791 2144 2839 Cambus-

488 2886 678 2940 micheL
900 2921 910 2930 .
1113 2920 1124 2931 .
1325 2919 1335 2929 .
1540 2918 1550 2929 .
1753 2918 1764 2928 .
1965 2918 1975 2928 .
2211 2887 2271 2929 40

375 2981 450 3026 64.
487 2977 631 3023 Carta
653 2975 921 3022 Alexandri
944 2975 1092 3038 Regis
1117 2976 1176 3022 de
1200 2981 1328 3022 terra
1351 2975 1411 3020 de
1434 2973 1577 3020 Blare
1600 2975 1650 3019 in
1675 2972 1986 3027 Warennam,
2210 2978 2270 3021 40

375 3070 449 3117 65.
485 3067 631 3114 Carta
644 3065 913 3113 Alexandri
927 3065 1074 3128 Regis
1092 3066 1152 3112 de
1167 3066 1397 3127 capienda
1409 3064 1609 3110 materie
1624 3064 1675 3110 in
1689 3063 1943 3124 theinagiis
1959 3064 2019 3110 de
2034 3062 2147 3118 Dul,
2209 3068 2263 3110 41

371 3160 447 3207 66.
483 3158 629 3205 Carta
651 3156 920 3203 Alexandri
943 3155 1090 3218 Regis
1112 3155 1251 3218 super
1267 3171 1363 3202 uno
1381 3160 1484 3202 rete
1508 3155 1567 3201 de
1590 3153 1797 3215 piscariis
1819 3154 1871 3200 in
1893 3154 2136 3217 theinagio

485 3250 544 3296 de
569 3247 709 3296 Scon.
783 3246 910 3310 Oriffi
1109 3283 1120 3292 .
1321 3282 1331 3292 .
1534 3281 1544 3290 .
1747 3280 1757 3290 .
1958 3280 1969 3291 .
2206 3251 2260 3292 41
