2982 4016
542 1024 630 1066 139

669 529 729 574 98
919 573 926 580 ‚
1343 518 1548 566 LIBER
1585 517 1911 565 ECCLESIE
2359 533 2460 566 sne.
2486 533 2594 566 ΧΠ.

671 746 933 793 Prohibitio
958 744 1154 790 Roberti
1180 742 1326 803 Regis
1356 756 1418 787 ne
1442 741 1547 800 quis
1582 740 1835 786 canonicos
1859 739 1919 786 de
1942 738 2102 787 Scona
2127 741 2179 788 in
2202 743 2451 789 commodo
2486 744 2599 791 faci-

670 838 792 884 endo
816 837 874 883 de
898 835 1121 897 thanagio
1146 834 1204 879 de
1228 832 1385 880 Scona
1407 831 1652 892 impediat.

674 1005 930 1068 Robertus
953 1017 1029 1062 dei
1048 1016 1216 1062 Gratia
1239 1015 1347 1060 Rex
1372 1012 1649 1059 Scottorum
1707 1012 1948 1059 Omnibus
1970 1014 2131 1074 probis
2153 1014 2427 1063 hominibus
2451 1019 2600 1065 totius

672 1118 795 1158 terre
819 1107 899 1155 sue
921 1106 1122 1154 salutem
1147 1105 1272 1161 Quia
1294 1101 1499 1165 religiofi
1518 1104 1606 1149 viri
1624 1102 1792 1150 Abbas
1811 1110 1862 1150 et
1879 1111 2148 1152 conventus
2166 1106 2226 1152 de
2245 1105 2404 1154 Scona
2419 1108 2600 1157 habent

670 1203 728 1247 de
767 1200 902 1246 nobis
939 1198 1216 1259 thanagium
1252 1197 1311 1242 de
1347 1193 1503 1242 Seona
1535 1194 1755 1259 ffirmiter
1793 1195 2102 1256 prohibemus
2142 1213 2204 1244 ne
2238 1200 2344 1259 quis
2380 1198 2504 1261 ipsos
2540 1202 2600 1248 ad

671 1290 936 1337 faciendum
960 1288 1261 1335 commodum
1285 1283 1421 1332 suum
1446 1286 1505 1331 de
1530 1285 1656 1331 (1ὶᾶ6
1680 1286 1906 1348 thanagio
1924 1294 2067 1348 prout
2085 1288 2257 1335 melius
2275 1290 2482 1338 viderint
2500 1292 2601 1339 fore

672 1381 939 1428 faciendum
965 1378 1203 1439 Impedire
1236 1375 1476 1438 presumat
1500 1382 1668 1423 contra
1690 1382 1909 1424 tenorem
1933 1378 2079 1426 Carte
2103 1378 2263 1427 nostre
2287 1380 2463 1429 eisdem
2491 1385 2603 1431 inde

672 1473 885 1519 confecte
925 1470 1107 1517 Datum
1146 1469 1293 1530 Apud
1329 1467 1587 1514 Strathurd
1621 1468 1722 1528 xxij
1757 1468 1835 1515 die
1874 1471 2036 1531 marcij
2073 1470 2220 1520 Anno
2262 1471 2418 1536 Regni
2459 1473 2606 1521 nostri

675 1564 871 1609 decimo,

672 1737 815 1783 Carta
839 1736 1035 1783 Roberti
1061 1736 1206 1798 Regis
1230 1737 1288 1782 de
1312 1737 1652 1783 donationibus
1675 1736 2022 1786 antecessorum
2046 1739 2252 1788 suorum.

557 1947 646 1988 133
677 1915 932 1977 Robertus
972 1930 1047 1975 dei
1081 1930 1235 1990 gratia
1268 1927 1376 1975 Rex
1413 1927 1692 1975 Scottorum
1726 1925 1998 1975 Justiciario
2032 1926 2116 1974 suo
2151 1943 2213 1975 ex
2253 1934 2390 1990 parte
2423 1930 2602 1977 boreali

670 2038 791 2083 aque
815 2023 875 2068 de
909 2021 1037 2067 forth
1060 2037 1115 2067 ac
1139 2021 1500 2067 vicecomitibus
1535 2021 1594 2066 de
1619 2019 1768 2066 Perth
1793 2026 1844 2066 et
1867 2021 1928 2067 de
1954 2020 2119 2067 Forfar
2140 2027 2192 2067 et
2215 2036 2381 2068 eorum
2416 2021 2604 2068 ballivis

672 2115 752 2173 qui
775 2128 860 2174 pro
883 2119 1097 2173 tempore
1120 2112 1297 2158 fuerint
1321 2127 1509 2158 necnon
1532 2117 1583 2158 et
1607 2112 1779 2158 ceteris
1812 2112 1972 2173 probis
1994 2112 2268 2159 hominibus
2302 2114 2453 2159 totius
2475 2119 2604 2160 terre

673 2202 754 2250 sue
776 2202 977 2250 salutem
1046 2202 1217 2249 Sciatis
1251 2218 1337 2248 nos
1371 2200 1621 2263 inspexisse
1655 2218 1709 2250 ac·
1745 2204 1980 2250 veraciter
2011 2201 2299 2251 intellexisse
2332 2211 2486 2251 cartas
2510 2204 2606 2251 Re-

675 2292 942 2356 ligiosor'um
967 2295 1173 2339 virorum
1199 2292 1405 2339 Abbatis
1429 2299 1479 2340 et
1502 2300 1769 2341 conventus
1794 2295 1853 2341 de
1877 2293 2036 2341 Scona
2058 2293 2199 2357 super
2221 2297 2442 2343 omnibus
2464 2298 2604 2344 terris

676 2386 963 2431 tenementis
987 2391 1036 2430 et
1070 2381 1420 2445 poss'effionibus
1455 2382 1632 2431 eisdem
1667 2383 1894 2432 eonceffis
1927 2401 2014 2447 per
2045 2384 2389 2447 predeeeffores
2422 2385 2605 2434 nostros

677 2476 833 2537 Reges
858 2475 1018 2522 Scotie
1041 2491 1126 2536 per
1148 2491 1263 2536 quas
1298 2477 1603 2537 concepimus
1638 2477 1891 2524 evidenter
1924 2479 2050 2539 quod
2074 2476 2161 2539 ipfi
2185 2477 2413 2541 Religiofi
2438 2495 2604 2527 omnes

677 2575 826 2614 terras
871 2572 1149 2613 tenementa
1193 2573 1243 2613 et
1287 2564 1584 2628 poss'effiones
1638 2568 1876 2628 predi&as
1923 2569 1984 2615 de
2026 2570 2137 2631 jure
2182 2575 2350 2617 tenere
2397 2571 2606 2619 debeant

675 2659 794 2705 adeo
828 2658 977 2704 libere
1000 2664 1050 2703 et
1084 2659 1245 2718 quiete
1279 2657 1491 2719 plenarie
1527 2666 1577 2705 et
1611 2659 1871 2706 honorifice
1904 2661 1955 2706 in
1988 2675 2155 2722 puram
2191 2660 2391 2708 liberam
2415 2669 2466 2710 et
2499 2679 2606 2725 per-

675 2756 871 2811 petuam
895 2746 1197 2796 elemofinam
1220 2745 1340 2795 ficut
1364 2746 1560 2796 ecclefia
1582 2749 1743 2811 aliqua
1775 2749 1934 2813 Regni
1968 2749 2113 2798 nostri
2147 2758 2297 2799 terras
2331 2751 2437 2800 suas
2470 2760 2607 2802 tene-

676 2847 841 2888 menta
874 2847 924 2887 et
958 2837 1253 2902 poss'effiones
1288 2840 1481 2886 liberius
1516 2842 1725 2901 quietius
1758 2857 1814 2889 ae
1847 2842 2241 2890 honorificentius
2274 2842 2477 2905 poffidet
2511 2844 2607 2894 five

677 2938 814 2978 tenet
882 2931 987 2982 Nos
1010 2947 1122 2978 vero
1156 2932 1306 2977 dictos
1331 2930 1594 2994 Religiosos
1618 2938 1670 2979 et
1693 2948 1856 2979 eorum
1891 2932 2232 2981 monasterium
2265 2936 2523 2985 defendere
2557 2945 2607 2985 et

678 3023 836 3069 fovere
867 3023 1073 3069 corditer
1106 3022 1383 3069 affectantes
1416 3038 1502 3083 pro
1526 3039 1583 3070 eo
1607 3025 1734 3084 quod
1770 3023 1930 3087 Reges
1963 3026 2098 3088 regni
2133 3026 2312 3073 ibidem
2347 3028 2607 3090 dignitates

679 3111 783 3159 suas
805 3114 1040 3174 recipiunt
1064 3119 1114 3159 et
1135 3113 1339 3159 honores
1374 3114 1680 3160 concedimus
1738 3114 2052 3163 Ratificamus
2075 3122 2127 3163 61
2154 3117 2490 3165 confirmamus
2520 3135 2607 3181 per

680 3200 919 3263 presentes
943 3202 1117 3250 eisdem
1152 3201 1401 3266 Religiofis
1425 3210 1474 3251 et
1499 3220 1664 3251 eorum
1698 3203 2035 3254 suecessoribus
2056 3207 2107 3254 in
2130 3207 2329 3256 liberam
2362 3224 2529 3270 puram
2554 3218 2605 3258 61

680 3299 958 3355 perpetuam
983 3290 1283 3341 elemosinam
1307 3310 1473 3342 omnes
1496 3301 1648 3369 terras
1670 3301 1951 3344 tenemento.
1972 3303 2023 3344 et
2049 3295 2347 3359 poss'effiones
2369 3301 2605 3361 predictas
