3002 4030
666 501 686 541 1
698 498 756 543 56
1334 495 1540 541 LIBER
1576 493 1906 541 ECCLESIE
2359 507 2458 540 sac.
2479 507 2587 540 xw.

661 629 859 674 moriam
904 628 1169 674 devotionis
1210 624 1450 672 sinceritas
1498 640 1640 686 quam
1679 624 1840 671 dilecti
1879 623 1964 686 filij
2005 623 2170 671 Abbas
2215 633 2267 671 et
2311 622 2590 672 Conventus

662 715 931 778 monaster-ij
978 717 1038 763 de
1083 715 1241 763 Scona
1278 715 1462 799 ‘ordinis
1507 713 1654 762 sancti
1703 712 1965 776 Augustini
2011 713 2349 762 Sanctiandree
2394 711 2589 761 diocesis

662 808 722 853 ad
746 823 831 853 nos
854 814 905 853 et
936 807 1205 853 Romanam
1238 812 1412 867 gerunt
1446 802 1692 851 ecclesiam
1727 820 1782 852 ac
1815 802 1944 851 fiicre
1978 802 2243 865 Religionis
2265 802 2485 851 honestas
2506 803 2590 850 sub

664 913 757 957 qua
778 897 1009 943 abdicatis
1044 896 1210 966 mundi
1245 894 1481 942 illecebris
1515 895 1709 941 domino
1743 895 2026 941 continuum
2060 893 2267 940 reddunt
2302 892 2586 940 famulatum

661 993 992 1047 promerentur
1041 992 1097 1032 ut
1148 985 1209 1032 ad
1263 1000 1320 1031 ea
1370 984 1577 1031 libenter
1621 984 1928 1031 intendamus
1972 999 2067 1045 que
2109 998 2276 1031 eorum
2320 981 2589 1043 monasterij

663 1077 885 1124 utilitatis
928 1075 1112 1137 sapiant
1156 1077 1510 1122 incrementum
1559 1073 1721 1121 Hodie
1774 1073 2004 1135 fiquidem
2049 1089 2134 1135 pro
2180 1079 2315 1135 parte
2359 1074 2592 1120 dictorum

663 1166 869 1214 Abbatis
892 1174 943 1214 et
966 1166 1246 1214 Conventus
1281 1165 1419 1213 nobis
1453 1163 1667 1226 expofito
1701 1165 1827 1225 quod
1862 1180 2015 1225 nuper
2047 1160 2306 1211 cariffimus
2334 1164 2383 1210 in
2407 1161 2593 1210 Christo

663 1258 787 1303 filius
810 1255 968 1304 noster
991 1257 1232 1304 Robertus
1256 1256 1363 1303 Rex
1388 1255 1666 1303 Scottorum
1699 1252 1894 1302 illustris
1927 1254 2182 1302 attendens
2213 1254 2340 1315 quod
2362 1250 2595 1301 monaste-

662 1350 785 1395 rium
825 1346 977 1409 ipsum
1022 1348 1149 1409 quod
1183 1345 1312 1408 quasi
1358 1347 1408 1393 in
1447 1347 1605 1394 medio
1652 1345 1810 1408 Regni
1856 1344 2019 1392 Scotie
2060 1342 2270 1392 confistit
2310 1349 2362 1391 et
2406 1345 2456 1391 in
2496 1359 2591 1405 quo

665 1440 823 1503 Reges
874 1440 1150 1487 Scottorum
1201 1440 1415 1486 coronari
1467 1436 1815 1485 consueverunt
1867 1442 1918 1482 et
1969 1450 2140 1496 corpus
2192 1434 2318 1482 clare
2363 1436 2591 1482 memorie

666 1531 866 1578 Roberti
900 1527 1043 1591 ipfius
1078 1528 1228 1592 Regis
1261 1529 1576 1591 progenitoris
1622 1528 1924 1574 inhumatum
1960 1524 2124 1573 existit
2157 1532 2351 1588 propter
2394 1525 2598 1573 diversas

664 1627 942 1683 magnatum
983 1627 1034 1668 et
1075 1620 1307 1666 nobilium
1349 1620 1462 1666 dicei
1497 1619 1656 1681 Regni
1690 1618 2083 1682 congregationes
2116 1632 2211 1678 que
2243 1617 2472 1664 ha&enus
2504 1617 2597 1664 fre-

664 1717 867 1773 quenter
888 1712 939 1758 in
962 1709 1061 1772 ipso
1084 1708 1369 1758 monasterio
1392 1725 1478 1772 pro
1511 1709 1698 1772 magnis
1730 1714 1782 1756 et
1814 1708 1974 1756 arduis
1998 1706 2208 1769 ejusdem
2230 1708 2365 1770 regni
2387 1714 2595 1768 pertrac-

665 1802 822 1849 tandis
855 1802 1060 1862 negotiIs
1082 1801 1206 1848 fuste
1236 1801 1432 1847 fuerunt
1466 1806 1518 1847 et
1550 1815 1678 1846 nunc
1712 1797 1869 1846 solent
1901 1798 2005 1846 fieri
2038 1797 2193 1845 multa
2224 1794 2509 1844 sustinuerat
2542 1803 2593 1843 et

664 1890 892 1938 sustinere
925 1890 1177 1952 oportebat
1209 1905 1355 1938 onera
1387 1888 1701 1951 expensarum
1733 1888 1765 1936 J
1768 1904 1825 1936 us
1857 1894 2138 1950 patronatus
2160 1884 2357 1936 ecclefie
2379 1887 2592 1949 parochi-

664 1982 750 2029 alis
784 1982 948 2029 Sanffi
980 1981 1139 2044 Egidii
1170 1981 1231 2028 de
1262 1980 1542 2043 Edinburgh
1579 1979 1706 2027 dicte
1741 1976 1938 2026 diocefis
1974 1985 2092 2026 tunc
2125 1978 2186 2026 ad
2222 1977 2374 2040 ipsum
2409 1977 2593 2039 Regem

665 2073 908 2134 pertinens
942 2087 1052 2120 cum
1086 2071 1307 2119 omnibus
1331 2071 1521 2132 juribus
1551 2077 1602 2118 et
1632 2070 1935 2132 pertinentiis
1965 2068 2061 2116 suis
2093 2068 2279 2130 prefato
2312 2064 2594 2115 monasterio

666 2179 721 2210 ac
754 2163 995 2211 canonicis
1027 2162 1205 2210 ibidem
1239 2162 1329 2209 deo
1352 2160 1666 2208 servientibus
1700 2167 1752 2207 et
1772 2158 2016 2207 servituris
2049 2155 2336 2206 concesserat
2369 2157 2437 2204 Et
2469 2158 2595 2219 quod

667 2251 965 2315 postmodum
1001 2251 1283 2300 venerabilis
1317 2253 1464 2300 frater
1495 2250 1657 2299 noster
1691 2251 1940 2299 Walterus
1975 2249 2238 2312 Episcopus
2270 2247 2595 2297 sanctiandree

668 2345 749 2404 qui
772 2341 1052 2391 conceffioni
1074 2341 1343 2404 hujusmodi
1366 2332 1650 2389 interfuerat
1667 2348 1718 2388 et
1735 2341 1795 2389 ad
1815 2357 1920 2388 eam
1939 2338 2076 2387 suum
2095 2340 2349 2402 prebuerat
2365 2336 2593 2387 affensum

668 2435 923 2495 predi&am
948 2430 1195 2481 ecclefiam
1230 2432 1440 2494 predicto
1474 2429 1758 2479 monasterio
1792 2431 2108 2492 conjunxerat
2133 2436 2396 2478 annexerat
2419 2435 2469 2476 et
2491 2431 2597 2476 uni-

670 2531 803 2572 verat
821 2523 926 2570 Nos
949 2519 1294 2570 conceffionem
1328 2522 1711 2583 conjunctionem
1745 2522 2066 2569 annexionem
2100 2526 2152 2568 et
2184 2521 2411 2567 unionem
2437 2518 2596 2580 hujus-

670 2614 797 2661 modi
842 2614 1066 2661 duximus
1111 2612 1456 2659 confirmandas
1499 2618 1643 2673 prout
1689 2612 1738 2658 in
1783 2608 1952 2658 nostris
1997 2611 2109 2657 inde
2154 2610 2379 2657 confeffls
2421 2610 2596 2674 litteris

669 2704 856 2765 plenius
890 2705 1166 2751 continetur
1198 2717 1308 2750 cum
1342 2707 1506 2750 autem
1528 2699 1649 2749 ficut
1677 2701 1892 2748 exhibita
1926 2701 2062 2748 nobis
2097 2715 2182 2762 pro
2205 2707 2340 2762 parte
2363 2701 2594 2748 dierorum

669 2794 878 2842 Abbatis
909 2800 962 2841 et
994 2793 1274 2841 Conventus
1303 2793 1475 2854 petitio
1505 2791 1784 2839 continebat
1814 2792 1970 2853 portio
2003 2790 2087 2838 xlv
2109 2806 2374 2838 marcarum
2401 2797 2596 2838 monete

670 2885 826 2948 Regni
861 2884 1025 2932 Scotie
1059 2881 1234 2931 usualis
1264 2881 1403 2944 super
1436 2881 1668 2930 fructibus
1704 2882 1992 2929 Redditibus
2027 2888 2077 2929 et
2111 2882 2420 2948 proventibus
2452 2879 2595 2943 ipfius

670 2975 866 3026 ecclesie
901 2992 994 3038 que
1029 2992 1113 3038 per
1147 2973 1431 3037 preibiteros
1464 2973 1698 3023 seculares
1735 2976 1834 3035 regi
1871 2973 2119 3022 consuevit
2151 2990 2236 3036 pro
2270 2981 2502 3037 perpetuo
2529 2976 2597 3022 vi-

670 3070 795 3116 cario
817 3069 867 3114 in
890 3083 948 3115 eo
973 3082 1082 3114 cum
1106 3067 1221 3113 unio
1256 3062 1522 3127 hujusmodi
1544 3063 1681 3112 suum
1704 3063 1871 3112 sortita
1892 3065 2017 3112 foret
2052 3064 2275 3112 effectum
2306 3062 2596 3113 instituendo

669 3158 902 3206 reservata
930 3157 1075 3205 fuerit
1097 3154 1288 3218 ipsaque
1323 3156 1477 3217 portio
1505 3154 1653 3216 juxta
1686 3155 1940 3203 facultates
1971 3155 2209 3203 fructuum
2248 3155 2522 3202 reddituum
2547 3163 2597 3203 et
2675 3164 2679 3167 ’

666 3259 982 3316 proventuum
1012 3251 1329 3313 predi&orum
1364 3250 1482 3296 adeo
1520 3250 1671 3296 nimia
1695 3255 1745 3295 et
1769 3246 2004 3296 exceffiva
2026 3247 2197 3296 existat
2233 3250 2357 3309 quod
2393 3253 2596 3297 annexio
