3002 4030
442 528 558 562 REG.
574 528 676 562 ΜΟ.
693 529 725 561 1.
987 516 1036 563 S.
1067 517 1460 565 TRINITATIS
1496 518 1587 564 DE
1623 518 1815 566 SGON.
2270 529 2357 574 175

441 643 716 692 concesserit
756 652 806 692 et
846 647 1104 693 contulerit
1143 649 1298 695 eidem
1344 647 1635 696 Monasterio
1676 657 1726 696 et
1772 652 2009 698 canonicis
2054 652 2229 699 ibidem
2270 654 2357 699 deo

437 734 752 783 servientibus
780 742 830 782 et
864 737 1217 798 imperpetuum
1240 737 1479 785 servituris
1513 746 1665 787 certas
1700 747 1848 787 terras
1870 747 1921 787 et
1943 756 2125 788 annuos
2147 742 2358 789 redditus

437 828 486 872 in
509 842 677 887 puram
702 833 753 873 et
775 832 1053 888 perpetuam
1091 825 1392 875 elemofinam
1427 845 1511 890 pro
1545 832 1715 890 quibus
1749 830 1863 878 dicti
1894 830 2059 879 Abbas
2082 838 2132 879 et
2156 847 2359 879 conven-

437 924 516 962 tus
556 917 616 963 de
656 932 821 964 eorum
857 915 1085 964 consensu
1125 916 1172 963 se
1209 924 1259 964 et
1298 917 1404 965 suos
1443 918 1719 967 succefl'ores
1763 922 2117 983 imperpetuum
2155 922 2361 969 fideliter

437 1007 713 1069 obligabant
736 1009 863 1069 quod
893 1009 953 1054 ad
987 1008 1137 1055 altare
1171 1009 1442 1055 dedicatum
1476 1011 1525 1055 in
1559 1025 1732 1072 magna
1766 1010 1963 1059 ecclefia
1982 995 2064 1059 *sui
2087 1011 2356 1059 monasterii

436 1100 486 1144 in
526 1099 706 1145 honore
745 1099 887 1146 beate
926 1100 1075 1145 marie
1110 1098 1325 1162 Virginis
1364 1115 1448 1161 per
1482 1101 1659 1146 dictum
1693 1102 1930 1161 quondam
1969 1102 2240 1149 Johannem
2275 1104 2356 1149 do-

434 1190 620 1235 minum
659 1190 943 1236 adornatum
976 1185 1157 1236 missam
1192 1190 1251 1236 de
1291 1190 1416 1236 dieta
1454 1191 1595 1237 beata
1629 1192 1811 1252 virgine
1850 1193 1979 1238 omni
2014 1193 2091 1239 die
2124 1193 2183 1239 de
2216 1208 2356 1240 mane

435 1279 664 1327 celebrari
703 1281 881 1327 faciant
920 1278 1041 1327 ficut
1080 1277 1218 1327 solita
1257 1281 1349 1327 fuit
1395 1282 1444 1326 in
1490 1282 1631 1328 choro
1671 1281 1898 1328 celebrari
1936 1298 1991 1329 ac
2031 1283 2175 1330 etiam
2214 1283 2353 1330 aliam

435 1369 616 1418 missam
641 1372 700 1417 ad
725 1372 904 1417 dictum
928 1370 1079 1418 altare
1102 1368 1206 1431 post
1228 1371 1401 1417 di&am
1429 1368 1611 1417 miffam
1634 1372 1776 1418 beate
1797 1372 1944 1418 marie
1967 1373 2159 1434 virginis
2182 1374 2354 1419 cotidie

435 1461 663 1509 celebrari
697 1477 782 1522 pro
816 1463 976 1508 anima
1009 1462 1121 1508 dieti
1156 1462 1394 1522 quondam
1430 1462 1610 1507 domini
1643 1461 1670 1507 J
1678 1462 1878 1508 ohannis
1913 1462 2049 1522 Lyon
2083 1468 2133 1508 et
2167 1463 2355 1508 domine

432 1552 654 1599 Johanne
687 1551 853 1613 sponse
887 1551 969 1598 sue
1003 1557 1055 1599 et
1088 1568 1173 1613 pro
1207 1553 1453 1599 animabus
1488 1553 1700 1598 omnium
1735 1550 2076 1599 antecefl'orum
2110 1561 2160 1599 et
2183 1552 2357 1600 succes-

431 1642 590 1689 sorum
625 1642 815 1690 suorum
851 1650 994 1705 prout
1033 1645 1083 1689 in
1126 1644 1384 1690 evidenciis
1419 1645 1547 1690 inter
1586 1642 1735 1691 dictos
1775 1644 1990 1690 dominos
2026 1643 2267 1690 Abbatem
2308 1652 2357 1690 et

432 1740 725 1781 conventum
749 1740 799 1781 et
821 1734 1062 1796 prefatum
1091 1734 1328 1795 quondam
1365 1735 1608 1780 dominum
1642 1733 1675 1780 J
1677 1734 1913 1781 ohannem
1936 1735 2110 1780 exinde
2133 1735 2355 1780 confectis

431 1825 620 1886 plenius
643 1826 918 1872 continetur
940 1825 1152 1886 prefatus
1176 1819 1292 1871 vero
1316 1825 1535 1871 dominus
1558 1824 1589 1870 J
1593 1825 1800 1871 ohannes
1822 1824 1947 1870 filius
1970 1825 2133 1871 volens
2157 1840 2214 1870 ex
2238 1840 2356 1885 pura

432 1917 687 1962 devotione
725 1915 990 1976 predictum
1028 1914 1274 1962 servitium
1307 1913 1569 1962 sustentare
1591 1922 1659 1961 et
1698 1931 1870 1977 augere
1908 1930 1992 1976 pro
2025 1913 2196 1962 salubri
2231 1913 2354 1961 statu

431 2006 499 2053 sui
525 2008 641 2053 dum
664 2007 838 2053 vixerit
872 2008 923 2053 in
956 2007 1177 2053 humanis
1212 2013 1263 2053 et
1296 2021 1380 2067 pro
1415 2005 1566 2053 salute
1600 2008 1756 2052 anime
1779 1994 1860 2052 sue
1894 2021 2003 2052 cum
2037 2006 2096 2052 ab
2130 2006 2217 2052 hac
2248 2006 2354 2052 luce

431 2099 707 2160 migraverit
743 2113 929 2144 necnon
971 2105 1021 2144 et
1060 2113 1146 2158 pro
1182 2096 1335 2144 salute
1374 2099 1637 2144 animarum
1678 2097 1890 2143 omnium
1931 2094 2270 2143 antecessorum
2305 2104 2354 2145 et

431 2187 741 2236 successorum
762 2187 954 2235 suorum
990 2189 1123 2235 dedit
1158 2185 1383 2235 conceffit
1407 2194 1458 2234 et
1480 2203 1565 2249 per
1597 2187 1837 2249 presentes
1872 2187 2165 2233 confirmavit
2199 2188 2353 2232 eidem

431 2275 722 2327 monasterio
739 2286 790 2326 et
813 2280 1052 2327 canonicis
1087 2279 1266 2325 ibidem
1300 2280 1389 2326 deo
1412 2278 1724 2325 servientibus
1758 2284 1808 2324 et
1841 2279 2191 2338 imperpetuum
2215 2275 2355 2323 servi-

430 2373 550 2419 turis
573 2373 624 2417 in
658 2376 968 2433 augmentum
1005 2369 1119 2418 dicti
1154 2371 1303 2416 divini
1326 2370 1503 2416 servitii
1538 2370 1598 2415 ad
1632 2369 1809 2415 (1ὶᾶ11111
1843 2368 1992 2415 altare
2015 2365 2132 2414 ficut
2160 2369 2354 2428 premit-

430 2465 552 2510 titur
590 2463 766 2509 cotidie
804 2462 1009 2509 faciendi
1049 2461 1364 2523 quadraginta
1399 2459 1570 2506 solidos
1610 2459 1825 2506 annualis
1860 2458 2073 2505 redditus
2107 2459 2350 2504 annuatim

431 2555 658 2601 levandos
681 2560 732 2600 et
754 2553 1082 2614 precipiendos
1116 2553 1176 2599 de
1203 2554 1342 2599 terris
1365 2551 1460 2598 suis
1494 2551 1687 2599 baronie
1722 2551 1781 2597 de
1803 2549 2159 2612 fforgundevyni
2183 2548 2215 2594 J
2217 2564 2352 2595 acen-

430 2647 559 2692 tibus
582 2645 707 2691 infra
729 2645 1118 2691 vicecomitatum
1142 2644 1202 2690 de
1227 2643 1373 2690 Perth
1409 2640 1608 2688 Tenend
1642 2647 1692 2687 et
1726 2639 1915 2687 habend
1939 2641 2116 2686 dictum
2139 2654 2349 2685 annuum

430 2736 668 2782 redditum
718 2735 1033 2796 quadraginta
1065 2733 1330 2780 vsolidorum
1385 2730 1559 2779 eisdem
1606 2729 1829 2793 religiosis
1876 2737 1925 2777 et
1970 2745 2132 2776 eorum
2176 2728 2348 2776 succes-

429 2824 608 2872 soribus
642 2826 693 2871 in
728 2824 841 2871 usus
873 2839 1150 2871 communes
1185 2825 1518 2871 canonicorum
1554 2819 1871 2869 claustralium
1910 2827 1960 2867 et
1999 2821 2349 2867 ebdomadario-

428 2932 535 2963 rum
559 2917 640 2976 qui
662 2931 748 2977 pro
771 2922 987 2976 tempore
1010 2915 1190 2961 fuerint
1213 2914 1386 2960 futuris
1409 2914 1652 2974 perpetuis
1674 2911 1966 2972 temporibus
1988 2909 2280 2957 convertend
2297 2912 2346 2955 in

429 3008 627 3054 liberam
650 3021 819 3067 puram
843 3010 893 3051 et
915 3010 1196 3067 perpetuam
1220 3002 1524 3051 elemosinam
1548 3018 1657 3050 cum
1681 3002 1898 3048 omnibus
1921 3007 1971 3047 et
1993 2998 2185 3062 fingulis
2208 3001 2346 3047 liber-

429 3098 610 3145 tatibus
645 3085 1063 3143 commoditatibus
1103 3100 1154 3140 et
1190 3091 1459 3141 afiamentis
1498 3094 1557 3140 ad
1598 3091 1776 3139 dictum
1817 3090 2069 3137 annualem
2107 3091 2346 3136 redditum

430 3189 745 3250 quadraginta
787 3183 1042 3232 solidorum
1087 3183 1410 3245 spe&antibus
1456 3182 1535 3229 seu
1573 3179 1703 3243 juste
1742 3180 1946 3242 spectare
1986 3180 2253 3227 valentibus
2297 3183 2345 3226 in

428 3283 645 3328 futurum
680 3278 797 3325 adeo
831 3276 979 3323 libere
1013 3281 1064 3322 et
1100 3276 1261 3334 quiete
1301 3276 1486 3336 integre
1524 3272 1780 3319 honorifice
1816 3273 1938 3318 bene
1974 3279 2023 3317 et
2058 3273 2107 3317 in
2146 3287 2260 3332 pace
2295 3274 2344 3317 in
