2982 4016
426 516 542 558 REG.
569 525 715 558 ALEX.
743 525 797 557 11.
980 513 1029 561 S.
1065 512 1462 561 TRINITATIS
1499 513 1592 561 DE
1628 514 1824 565 SCON.
2305 526 2364 568 55

418 658 516 689 non
552 642 623 691 est
656 646 958 692 autenticum
993 646 1054 692 ad
1082 647 1371 708 petitionem
1404 662 1563 695 meam
1597 646 1804 711 figillum
1840 663 2095 697 commune
2131 652 2268 714 burgi
2304 654 2363 700 de

418 734 569 782 Perth
593 733 663 783 est
686 735 955 799 appofitum
1024 737 1136 786 Hiis
1159 736 1358 786 testibus
1383 739 1608 787 Waltero
1639 741 1700 788 de
1725 740 1962 788 Neuthon
1987 747 2039 789 et
2063 741 2279 790 Henrioo
2305 746 2364 792 de

415 826 646 890 Abirnyt⁰
670 829 904 876 militibus
930 829 1148 877 Galfrido
1181 831 1241 878 de
1265 830 1415 878 Perth
1451 831 1624 879 elerico
1649 833 1827 879 domini
1855 833 2003 896 Regis
2028 833 2241 882 Henrico
2265 836 2364 882 filio

416 918 624 966 Galfridi
642 918 881 983 prepofito
900 922 959 968 de
979 921 1130 969 Perth
1144 922 1351 983 Ric‘ardo
1370 923 1432 969 de·
1445 921 1691 985 Laicestyr
1703 923 1736 971 J
1738 925 1926 972 ohanne
1941 925 2040 973 filio
2057 925 2191 974 Lene
2206 927 2364 975 David

414 1010 539 1073 Jape
575 1012 828 1060 Willelmo
863 1014 924 1060 de
958 1013 1137 1061 Dunde
1176 1014 1360 1061 Jacobo
1394 1014 1494 1061 filio
1527 1015 1698 1063 Jacobi
1732 1016 1817 1079 filij
1852 1017 2072 1065 hu&redi
2109 1018 2362 1068 Willelmo

415 1102 540 1164 Sper
562 1103 770 1152 Rieardo
794 1106 854 1152 de
879 1104 1049 1152 Lenna
1072 1111 1123 1152 et
1146 1106 1313 1153 multis
1338 1106 1457 1153 aliis.

414 1287 562 1335 Carta
585 1288 800 1337 Orabille
824 1288 922 1352 Say
945 1290 1004 1336 de
1028 1290 1288 1337 donatione
1310 1288 1394 1337 sua
1416 1291 1467 1336 in
1490 1292 1732 1338 territorio
1757 1293 1816 1339 de
1841 1292 2139 1355 Kyntulaeh.

315 1476 379 1524 87
413 1455 668 1520 Omnibus
701 1472 792 1519 1106
824 1470 1054 1533 seriptum
1087 1470 1253 1519 visuris
1288 1472 1366 1519 vel
1401 1473 1636 1521 audituris
1704 1473 1921 1523 Orabilla
1953 1475 2083 1524 soror
2122 1485 2173 1526 et
2215 1481 2352 1529 heres

410 1564 591 1610 domini
614 1562 838 1625 Hugonis
862 1563 960 1625 Say
982 1578 1106 1610 uxor
1128 1564 1371 1624 quondam
1395 1539 1652 1627 Reginaldi
1688 1567 1748 1614 de
1773 1565 2042 1617 Warennia
2065 1575 2285 1619 eternam
2309 1575 2359 1620 in

410 1655 604 1703 domino
627 1653 831 1701 salutem
899 1652 1110 1702 Noverit
1127 1652 1410 1704 univerfitas
1427 1655 1584 1704 vestra
1601 1673 1680 1704 me
1698 1659 1749 1705 111
1771 1659 1899 1708 bona
1914 1661 2229 1723 prosperitate
2252 1679 2360 1713 mea

408 1752 462 1794 et
483 1748 534 1794 in
557 1747 708 1793 libera
730 1747 967 1794 viduitate
991 1744 1304 1795 constitutam
1329 1746 1505 1795 dediss'e
1529 1747 1795 1798 conoefliffe
1813 1757 1864 1798 et
1881 1752 1971 1800 1166
1994 1754 2203 1815 presenti
2228 1763 2360 1805 carta

408 1855 518 1887 mea
539 1836 833 1887 confirmasse
856 1854 941 1899 pro
964 1837 1118 1887 salute
1152 1840 1341 1888 animee
1375 1855 1483 1888 mee
1518 1847 1569 1889 et
1603 1841 1951 1891 antecessorum
1973 1851 2025 1892 et
2046 1845 2357 1897 suceessorum

408 1945 626 1979 meorum
650 1930 758 1978 Deo
793 1937 845 1978 et
879 1928 1077 1978 66616116
1101 1930 1278 1979 8611ἃ6
1302 1931 1551 1981 Trinitatis
1587 1939 1638 1981 et
1673 1933 1837 1983 8611611
1861 1935 2119 1986 Michaelis
2144 1940 2203 1988 de
2227 1939 2356 1989 Seon

404 2030 456 2071 et
478 2023 640 2071 abbati
674 2029 725 2070 et
759 2003 1000 2070 canonicis
1027 2024 1207 2071 ibidem
1233 2023 1338 2072 Deo
1373 2023 1689 2073 servientibus
1725 2032 1775 2073 et
1809 2028 1861 2074 in
1894 2035 2186 2091 perpetuum
2210 2030 2352 2080 servi-

405 2116 527 2162 turis
548 2119 701 2162 unum
724 2115 903 2162 toftum
927 2121 977 2163 et
1001 2116 1208 2163 oroftum
1242 2117 1509 2178 plenarium
1545 2124 1596 2165 et
1631 2119 1875 2182 integrum
1897 2120 1949 2166 in
1973 2122 2214 2170 territorio
2239 2125 2353 2172 ville

405 2208 467 2263 de
502 2204 788 2269 Kyntulaeh
826 2207 911 2254 illa
948 2205 1131 2255 seilicet
1172 2223 1266 2270 que
1312 2209 1372 2255 de
1418 2210 1543 2256 (11ἃο
1581 2209 1793 2273 Hugone
1834 2211 1932 2274 Say
1969 2214 2211 2274 quondam
2245 2221 2352 2264 ten-

407 2304 586 2347 uerunt
627 2304 678 2346 61
712 2304 812 2346 1166
852 2314 984 2347 acras
1029 2305 1157 2346 terre
1197 2301 1249 2347 in
1288 2301 1475 2362 prefato
1510 2302 1754 2349 territorio
1795 2303 1855 2350 de
1884 2302 2171 2366 Kyntulaeh
2209 2323 2354 2355 unam

407 2389 587 2438 scilieet
620 2406 778 2438 6616111
813 2406 907 2452 que
933 2392 1067 2453 jacet
1093 2392 1240 2452 juxta
1272 2391 1406 2439 illam
1440 2408 1599 2441 acram
1636 2409 1781 2455 quam
1818 2396 1951 2457 prius
1991 2402 2254 2446 tenuerunt
2294 2401 2353 2446 de

406 2492 604 2554 prefato·
625 2490 837 2554 Hugone
870 2491 967 2555 Say
1000 2492 1148 2540 fratre
1175 2507 1285 2540 meo
1320 2491 1500 2540 seilicet
1529 2509 1602 2540 ·ex
1644 2495 1931 2542 occidentali
1971 2502 2108 2558 parte
2149 2504 2200 2546 et
2237 2500 2352 2547 alias

406 2585 523 2631 duas
569 2599 700 2631 acras
739 2599 834 2645 que
870 2584 1039 2645 jacent
1079 2600 1141 2631 ex
1182 2585 1404 2632 orientali
1449 2590 1587 2647 parte
1623 2586 1700 2633 vie
1738 2587 2043 2648 procedentis
2084 2589 2144 2636 de
2184 2592 2353 2639 eadem

406 2675 524 2723 villa
545 2674 705 2723 versus
740 2675 1072 2723 molendinum
1139 2668 1353 2724 Tenend.
1378 2683 1429 2724 et
1450 2677 1655 2725 habend.
1680 2675 1767 2725 fibi
1799 2685 1849 2725 et
1888 2677 2224 2729 suecessoribus
2256 2682 2350 2730 suis

406 2769 463 2814 in
492 2774 781 2830 perpetuum
822 2769 882 2815 de
918 2783 998 2815 me
1034 2774 1085 2816 et
1124 2769 1381 2817 heredibus
1414 2770 1534 2816 meis
1568 2770 1618 2816 in
1653 2769 1853 2817 liberam
1892 2786 2060 2832 puram
2098 2778 2148 2819 et
2183 2788 2350 2835 perpe-

406 2866 542 2906 tuam
582 2857 890 2907 elemofinam
930 2875 1040 2907 oum
1074 2858 1215 2923 justis
1261 2861 1567 2923 pertinentiis
1608 2867 1658 2908 et
1700 2861 2004 2909 libertatibus
2044 2864 2105 2910 ad
2146 2865 2347 2912 eandem

405 2957 584 2998 terram
605 2949 928 3012 spestantibus
951 2952 1029 2999 vel
1053 2953 1113 3000 de
1127 2953 1239 3014 jure
1261 2951 1471 3014 speetare
1495 2953 1781 3000 debentibus
1805 2958 1856 3000 et
1880 2968 1990 3000 cum
2014 2957 2347 3004 communibus

406 3039 709 3104 ayfiamentis
733 3041 945 3104 ejusdem
968 3043 1083 3091 ville
1106 3044 1225 3091 adeo
1258 3044 1409 3092 libere
1440 3045 1603 3105 quiete
1625 3044 1838 3105 plenarie
1863 3049 1913 3090 et
1935 3045 2194 3093 honorifice
2225 3045 2346 3095 ficut

405 3134 565 3195 aliqua
587 3131 845 3180 elemofina
866 3135 917 3180 in
940 3139 1046 3181 toto
1065 3134 1235 3198 Regno
1255 3135 1419 3183 Scotie
1437 3135 1633 3182 liberius
1651 3135 1859 3195 quietius
1883 3141 1934 3181 et
1955 3135 2345 3185 honorificentius

406 3231 602 3273 tenetur
625 3231 675 3272 et
698 3223 960 3287 poffidetur
1030 3225 1097 3273 Et
1131 3232 1187 3274 ut
1210 3227 1301 3274 1166
1333 3242 1443 3274 11166
1465 3226 1660 3272 (10116110
1684 3231 1916 3287 perpetue
1938 3226 2179 3275 firmitatis
2202 3230 2346 3277 robur

405 3318 623 3379 optineat
646 3315 839 3378 presens
855 3315 1085 3379 seriptum
1109 3317 1246 3364 dietis
1270 3317 1433 3365 abbati
1456 3322 1507 3364 et
1531 3317 1771 3364 canonicis
1794 3314 1934 3380 figilli
1959 3319 2055 3365 mei
2082 3321 2344 3368 munimine

401 3409 577 3456 tradidi
612 3409 887 3455 roboratum
957 3407 1140 3456 Datum
1174 3409 1301 3469 apud
1337 3407 1466 3456 Seon
1489 3407 1637 3455 Anno
1670 3415 1751 3455 *te*
1784 3409 1864 3463 φο
1886 3416 1962 3457 66ο
1990 3408 2340 3473 quatragefimo
