2982 4016
593 505 654 547 34
1264 494 1473 546 LIBER
1507 490 1839 542 ECCLESIE
2312 504 2412 537 ssc.
2438 503 2533 537 xn.

591 632 757 678 domos
791 628 876 678 fibi
911 627 1185 677 necessarias
1225 626 1497 675 construere
1531 631 1582 673 et
1622 624 1802 672 ibidem
1842 637 2146 684 quecumque
2186 637 2271 684 pro
2313 628 2532 684 tempore

593 722 835 770 voluerint
868 719 1157 769 constituere
1181 726 1231 766 et
1255 733 1477 766 amovere
1543 715 1827 779 Tenendum
1862 720 1914 761 et
1946 713 2223 761 habendum
2258 711 2436 761 eisdem
2472 714 2534 761 de

592 815 729 862 uobis
752 820 802 861 et
818 810 1153 860 successoribus
1176 808 1345 856 nostris
1368 811 1418 856 in
1437 808 1637 855 liberam
1654 821 1824 868 puram
1845 811 1895 853 et
1918 813 2204 867 perpetuam
2223 802 2532 853 elemosinam

592 904 651 951 In
696 906 830 952 cuius
871 903 960 949 Rei
1001 900 1328 949 testimonium
1374 898 1566 961 presens
1611 896 1841 960 scriptum
1885 894 2028 960 figilli
2074 894 2221 943 nostri
2267 897 2536 944 munimine

589 997 927 1044 roborauimus.

590 1178 900 1224 Confirmatio
926 1174 1165 1222 Willelmi
1189 1173 1395 1236 episcopi
1420 1173 1583 1221 Sanffl
1609 1171 1808 1220 Andree
1831 1172 1893 1220 de
1917 1170 2142 1220 ecclefiis.

495 1358 553 1400 53
591 1344 889 1407 Willelmus
928 1354 1229 1419 permistione
1269 1357 1431 1404 divina
1470 1353 1668 1404 6661666
1709 1355 2053 1404 Sanffiandree
2091 1353 2308 1404 minister
2341 1355 2536 1403 humilis

589 1450 826 1499 Omnibus
859 1450 945 1497 has
981 1449 1166 1496 litteras
1190 1446 1355 1495 visuris
1380 1448 1457 1495 vel
1491 1448 1726 1496 audituris
1761 1454 1980 1496 eternam
2014 1449 2065 1495 in
2099 1448 2294 1495 domino
2329 1446 2535 1496 salutem

591 1542 835 1589 Noveritis
858 1556 944 1587 nos
962 1537 1228 1588 conceffifl'e
1246 1546 1296 1587 et
1314 1538 1547 1601 presentis
1565 1538 1726 1602 scripti
1749 1541 2016 1603 patrocinio
2035 1538 2328 1588 confirmasse
2350 1541 2401 1587 in
2424 1539 2536 1587 usus

590 1634 800 1695 proprios
830 1631 1016 1679 Abbati
1050 1637 1101 1679 et
1137 1632 1376 1679 canonicis
1414 1632 1473 1679 de
1508 1630 1638 1679 Scon
1673 1628 1894 1680 ecclefias
1928 1647 2047 1695 quas
2079 1632 2264 1680 habent
2286 1632 2338 1679 in
2362 1631 2535 1680 diocesi

589 1722 746 1771 nostra
768 1725 817 1770 in
841 1724 1039 1771 liberam
1074 1738 1243 1785 puram
1267 1730 1318 1770 et
1342 1729 1625 1786 perpetuam
1661 1722 1970 1772 elemofinam
1993 1725 2082 1771 viz.
2118 1722 2367 1773 ecclefiam
2402 1722 2535 1772 suam

589 1817 648 1863 de
672 1815 799 1863 Scon
834 1830 927 1876 que
951 1813 1194 1876 hucusque
1217 1830 1246 1862 a
1268 1812 1560 1877 prestatione
1595 1812 1880 1863 finodalium
1906 1821 1957 1863 et
1987 1815 2278 1864 auxiliorum
2308 1816 2537 1862 immunis

589 1907 680 1953 fuit
704 1921 847 1967 quam
871 1907 931 1953 de
955 1912 1116 1953 cetero
1152 1921 1263 1953 cum
1298 1906 1495 1968 capellis
1518 1905 1613 1954 suis
1636 1912 1687 1954 et
1710 1923 1822 1955 cum
1857 1907 2080 1955 omnibus
2113 1908 2420 1969 pertinentiis
2442 1905 2537 1954 suis

590 1999 650 2045 ab
674 1998 895 2044 omnibus
931 1996 1275 2059 episcopalibus
1311 1999 1670 2060 imperpetuum
1705 1998 1905 2047 liberam
1929 1999 2151 2047 volumus
2174 1996 2267 2047 effe
2291 2004 2342 2046 et
2364 2000 2538 2046 immu-

591 2105 703 2137 nem
771 2088 837 2135 Et
872 2086 1120 2136 ecclesiam
1155 2089 1215 2137 de
1250 2088 1638 2138 Cambusmichel
1673 2092 1733 2139 de
1769 2091 1875 2138 Liff
1900 2092 1961 2140 de
1995 2091 2358 2155 Inuergoueryn
2392 2097 2443 2138 et
2477 2091 2538 2138 de

592 2180 928 2243 Logyndunde
986 2179 1142 2228 Salvis
1161 2179 1507 2244 episcopalibus
1525 2183 1663 2230 nobis
1682 2189 1734 2231 et
1754 2181 2091 2231 successoribus
2109 2180 2280 2231 nostris
2298 2189 2349 2231 et
2366 2181 2538 2230 nostris

591 2271 870 2319 officialibus
906 2272 965 2318 de
1000 2272 1221 2320 omnibus
1253 2270 1463 2321 ecclefiis
1486 2274 1686 2335 prefatis
1710 2274 1934 2337 Excepta
1967 2276 2198 2323 canonica
2218 2273 2302 2323 sua
2324 2275 2384 2322 de
2408 2274 2537 2322 Scon

592 2378 701 2410 cum
731 2363 926 2425 capellis
950 2364 1009 2410 ad
1042 2364 1245 2411 eandem
1276 2366 1632 2426 pertinentibus
1690 2366 1764 2414 Ut
1794 2373 1961 2414 autem
1990 2367 2082 2416 hec
2112 2364 2274 2415 nostra
2303 2363 2536 2415 conceffio

596 2454 741 2501 robur
755 2461 985 2516 perpetue
1000 2454 1240 2503 firmitatis
1255 2456 1473 2505 obtineat
1491 2473 1596 2505 eam
1612 2455 1751 2521 sigilli
1767 2456 1913 2506 nostri
1927 2460 2194 2506 munimine
2209 2459 2536 2506 roboravimus

596 2544 706 2592 Hiis
730 2544 932 2592 testibus
955 2544 1179 2608 magistro
1203 2546 1417 2595 Roberto
1449 2550 1782 2597 archidiacono
1815 2549 2159 2598 Sanffiandree
2179 2558 2260 2598 ‘'tc‘’
2283 2550 2535 2598 licenciam

594 2652 783 2697 quoque
807 2638 876 2683 eis
900 2637 1206 2684 concedimus
1229 2640 1500 2701 capellanos
1524 2633 1848 2703 quoscum‘que
1866 2641 2108 2689 voluerint
2131 2642 2341 2704 ydoneos
2356 2643 2406 2689 in
2424 2638 2535 2703 ipfis

595 2725 806 2775 ecclefiis
829 2729 1039 2776 retinere
1062 2735 1113 2776 et
1135 2744 1395 2778 removere.

595 2903 1001 2958 Carta'Willelmi
1027 2910 1231 2975 episcopi
1256 2912 1418 2961 Sanffi
1443 2914 1641 2964 Andree
1665 2917 1726 2964 de
1749 2913 1973 2964 ecclefiis.

504 3094 564 3135 54
603 3077 895 3140 Willelmus
930 3092 1230 3155 permistione
1271 3096 1433 3145 divina
1471 3095 1669 3147 ecclesie
1707 3098 2050 3149 Sanffiandree
2086 3099 2303 3149 minister
2340 3102 2535 3149 humilis

601 3182 836 3231 Omnibus
870 3184 953 3232 has
984 3185 1146 3234 literas
1179 3186 1345 3235 visuris
1379 3188 1459 3236 uel
1493 3190 1728 3238 audituris
1763 3196 1981 3240 eternam
2010 3193 2062 3240 in
2098 3193 2293 3240 domino
2329 3191 2533 3241 salutem

605 3273 808 3321 Noverit
830 3273 1108 3324 universitas
1132 3275 1286 3326 vestra
1309 3294 1395 3327 nos
1426 3278 1693 3329 conceffiss'e
1724 3287 1775 3330 et
1807 3282 2042 3346 presentis
2075 3282 2235 3346 scripti
2269 3286 2533 3347 patrocinio
